@ARTICLE{6310048, 
author={A. Marino and S. R. Cloude and J. M. Lopez-Sanchez}, 
journal={IEEE Transactions on Geoscience and Remote Sensing}, 
title={A New Polarimetric Change Detector in Radar Imagery}, 
year={2013}, 
volume={51}, 
number={5}, 
pages={2986-3000}, 
keywords={Algorithm design and analysis;Change detection algorithms;Covariance matrix;Radar polarimetry;Scattering;Synthetic aperture radar;Thyristors;Change detection;polarimetry;synthetic aperture radar (SAR)}, 
doi={10.1109/TGRS.2012.2211883}, 
ISSN={0196-2892}, 
month={May},}

@article{conradsen2003test,
  title={A test statistic in the complex Wishart distribution and its application to change detection in polarimetric SAR data},
  author={Conradsen, Knut and Nielsen, Allan Aasbjerg and Schou, Jesper and Skriver, Henning},
  journal={IEEE Transactions on Geoscience and Remote Sensing},
  volume={41},
  number={1},
  pages={4--19},
  year={2003},
  publisher={IEEE}
}

@article{ratha2017change,
  title={Change detection in polarimetric SAR images using a geodesic distance between scattering mechanisms},
  author={Ratha, Debanshu and De, Shaunak and Celik, Turgay and Bhattacharya, Avik},
  journal={IEEE Geoscience and Remote Sensing Letters},
  volume={14},
  number={7},
  pages={1066--1070},
  year={2017},
  publisher={IEEE}
}

@Article{liu2016hierarchical,
  Title                    = {Hierarchical semantic model and scattering mechanism based PolSAR image classification},
  Author                   = {Liu, Fang and Shi, Junfei and Jiao, Licheng and Liu, Hongying and Yang, Shuyuan and Wu, Jie and Hao, Hongxia and Yuan, Jialing},
  Journal                  = {Pattern Recognition},
  Year                     = {2016},
  Pages                    = {325--342},
  Volume                   = {59},

  Publisher                = {Elsevier}
}

@Article{Junfei2016,
  Title                    = {Unsupervised polarimetric synthetic aperture radar image classification based on sketch map and adaptive Markov random field},
  Author                   = { Junfei Shi and Lingling Li and Fang Liu and Licheng Jiao and Hongying Liu and Shuyuan Yang and Lu Liu and Hong-Xia Hao},
  Journal                  = {J. of Applied Remote Sens.},
  Year                     = {2016},
  Pages                    = {10 - 10 - 20},
  Volume                   = {10}
}

@ARTICLE{1411993, 
author={Y. Bazi and L. Bruzzone and F. Melgani}, 
journal={IEEE Transactions on Geoscience and Remote Sensing}, 
title={An unsupervised approach based on the generalized Gaussian model to automatic change detection in multitemporal SAR images}, 
year={2005}, 
volume={43}, 
number={4}, 
pages={874-887}, 
keywords={Gaussian processes;data acquisition;geophysical signal processing;geophysical techniques;image denoising;radar imaging;remote sensing by radar;spaceborne radar;synthetic aperture radar;European Remote Sensing 2 satellite SAR sensor;Kittler-Illingworth threshold selection;automatic change detection;change-detection map;closed-loop process;controlled adaptive iterative filtering;data preprocessing;despeckling filter iterations;generalized Gaussian assumption;generalized Gaussian model;image acquisition;log-ratio image;log-ratio operator;multitemporal SAR images;multitemporal single-channel single-polarization synthetic aperture radar images;self-consistent change-detection;speckle noise reduction;supervised thresholding;thresholding procedure;unsupervised change-detection;Adaptive control;Automatic control;Automatic generation control;Filtering;Image analysis;Image generation;Programmable control;Radar detection;Speckle;Synthetic aperture radar;Change detection;generalized Gaussian (GG) distribution;multitemporal synthetic aperture radar (SAR) images;threshold selection}, 
doi={10.1109/TGRS.2004.842441}, 
ISSN={0196-2892}, 
month={April},}

@article{bruzzone2000automatic,
  title={Automatic analysis of the difference image for unsupervised change detection},
  author={Bruzzone, Lorenzo and Prieto, Diego F},
  journal={IEEE Transactions on Geoscience and Remote sensing},
  volume={38},
  number={3},
  pages={1171--1182},
  year={2000},
  publisher={IEEE}
}

@article{li2008image,
  title={Image coregistration in SAR interferometry},
  author={Li, Zhengxiao and Bethel, James},
  journal={The International Archives of the Photogrammetry, Remote Sensing and Spatial Information Sciences},
  volume={37},
  pages={433--438},
  year={2008}
}

@article{rignot1993change,
  title={Change detection techniques for ERS-1 SAR data},
  author={Rignot, Eric JM and van Zyl, Jakob J},
  journal={IEEE transactions on geoscience and remote sensing},
  volume={31},
  number={4},
  pages={896--906},
  year={1993},
  publisher={IEEE}
}

@article{johnson1998change,
  title={Change vector analysis: a technique for the multispectral monitoring of land cover and condition},
  author={Johnson, R Dˈ and Kasischke, ES},
  journal={International Journal of Remote Sensing},
  volume={19},
  number={3},
  pages={411--426},
  year={1998},
  publisher={Taylor \& Francis}
}

@article{bazi2005unsupervised,
  title={An unsupervised approach based on the generalized Gaussian model to automatic change detection in multitemporal SAR images},
  author={Bazi, Yakoub and Bruzzone, Lorenzo and Melgani, Farid},
  journal={IEEE Transactions on Geoscience and Remote Sensing},
  volume={43},
  number={4},
  pages={874--887},
  year={2005},
  publisher={IEEE}
}

@article{conradsen2003test,
  title={A test statistic in the complex Wishart distribution and its application to change detection in polarimetric SAR data},
  author={Conradsen, Knut and Nielsen, Allan Aasbjerg and Schou, Jesper and Skriver, Henning},
  journal={IEEE Transactions on Geoscience and Remote Sensing},
  volume={41},
  number={1},
  pages={4--19},
  year={2003},
  publisher={IEEE}
}

@article{park2013polarimetric,
  title={Polarimetric SAR remote sensing of the 2011 Tohoku earthquake using ALOS/PALSAR},
  author={Park, Sang-Eun and Yamaguchi, Yoshio and Kim, Duk-jin},
  journal={Remote Sensing of Environment},
  volume={132},
  pages={212--220},
  year={2013},
  publisher={Elsevier}
}

@ARTICLE{6205760, 
author={R. Achanta and A. Shaji and K. Smith and A. Lucchi and P. Fua and S. Süsstrunk}, 
journal={IEEE Transactions on Pattern Analysis and Machine Intelligence}, 
title={SLIC Superpixels Compared to State-of-the-Art Superpixel Methods}, 
year={2012}, 
volume={34}, 
number={11}, 
pages={2274-2282}, 
keywords={computer vision;image segmentation;iterative methods;pattern clustering;SLIC superpixels;computer vision;image boundary;k-means clustering approach;memory efficiency;segmentation performance;simple linear iterative clustering;superpixel generation;supervoxel generation;Approximation algorithms;Clustering algorithms;Complexity theory;Image color analysis;Image edge detection;Image segmentation;Measurement uncertainty;Superpixels;clustering;k-means;segmentation;Algorithms;Image Enhancement;Image Interpretation, Computer-Assisted;Pattern Recognition, Automated;Reproducibility of Results;Sensitivity and Specificity;Signal Processing, Computer-Assisted}, 
doi={10.1109/TPAMI.2012.120}, 
ISSN={0162-8828}, 
month={Nov},}

@article{bruzzone2000adaptive,
  title={An adaptive parcel-based technique for unsupervised change detection},
  author={Bruzzone, L and Prieto, D Fern{\'a}ndez},
  journal={International Journal of Remote Sensing},
  volume={21},
  number={4},
  pages={817--822},
  year={2000},
  publisher={Taylor \& Francis}
}

@inproceedings{pirrone2016novel,
  title={A novel framework for change detection in bi-temporal polarimetric SAR images},
  author={Pirrone, Davide and Bovolo, Francesca and Bruzzone, Lorenzo},
  booktitle={SPIE Remote Sensing},
  pages={100040Z--100040Z},
  year={2016},
  organization={International Society for Optics and Photonics}
}
