@article{hinton2006fast,
  title={A fast learning algorithm for deep belief nets},
  author={Hinton, Geoffrey and Osindero, Simon and Teh, Yee-Whye},
  journal={Neural computation},
  volume={18},
  number={7},
  pages={1527--1554},
  year={2006},
  publisher={MIT Press}
}
@article{vincent2010stacked,
  title={Stacked denoising autoencoders: Learning useful representations in a deep network with a local denoising criterion},
  author={Vincent, Pascal and Larochelle, Hugo and Lajoie, Isabelle and Bengio, Yoshua and Manzagol, Pierre-Antoine},
  journal={The Journal of Machine Learning Research},
  volume={11},
  pages={3371--3408},
  year={2010},
  publisher={JMLR. org}
}

@inproceedings{glorot2011deep,
  title={Deep sparse rectifier neural networks},
  author={Glorot, Xavier and Bordes, Antoine and Bengio, Yoshua},
  booktitle={International Conference on Artificial Intelligence and Statistics},
  pages={315--323},
  year={2011}
}

@article{chen2014deep,
  title={Deep learning-based classification of hyperspectral data},
  author={Chen, Yushi and Lin, Zhouhan and Zhao, Xing and Wang, Gang and Gu, Yanfeng},
  journal={IEEE Journal of Selected Topics in Applied Earth Observations and Remote Sensing},
  volume={7},
  number={6},
  pages={2094--2107},
  year={2014},
  publisher={IEEE}
}

@article{chen2015spectral,
  title={Spectral--spatial classification of hyperspectral data based on deep belief network},
  author={Chen, Yushi and Zhao, Xing and Jia, Xiuping},
  journal={IEEE Journal of Selected Topics in Applied Earth Observations and Remote Sensing},
  volume={8},
  number={6},
  pages={2381--2392},
  year={2015},
  publisher={IEEE}
}

@inproceedings{lagrange2015benchmarking,
  title={Benchmarking classification of earth-observation data: from learning explicit features to convolutional networks},
  author={Lagrange, Adrien and Le Saux, Bertrand and Beaup{\`e}re, Anne and Boulch, Alexandre and Chan-Hon-Tong, Adrien and Herbin, St{\'e}phane and Randrianarivo, Hicham and Ferecatu, Marin},
  booktitle={2015 IEEE International Geoscience and Remote Sensing Symposium (IGARSS)},
  pages={4173--4176},
  year={2015},
  organization={IEEE}
}


@article{hu2015deep,
  title={Deep convolutional neural networks for hyperspectral image classification},
  author={Hu, Wei and Huang, Yangyu and Wei, Li and Zhang, Fan and Li, Hengchao},
  journal={Journal of Sensors},
  volume={2015},
  year={2015},
  publisher={Hindawi Publishing Corporation}
}

@inproceedings{nair2010rectified,
  title={Rectified linear units improve restricted boltzmann machines},
  author={Nair, Vinod and Hinton, Geoffrey E},
  booktitle={Proceedings of the 27th International Conference on Machine Learning (ICML-10)},
  pages={807--814},
  year={2010}
}

@article{gravelines2014deep,
  title={Deep Learning via Stacked Sparse Autoencoders for Automated Voxel-Wise Brain Parcellation Based on Functional Connectivity},
  author={Gravelines, C{\'e}line},
  year={2014}
}

@article{bengio2009learning,
  title={Learning deep architectures for AI},
  author={Bengio, Yoshua},
  journal={Foundations and trends{\textregistered} in Machine Learning},
  volume={2},
  number={1},
  pages={1--127},
  year={2009},
  publisher={Now Publishers Inc.}
}

@inproceedings{he2015delving,
  title={Delving deep into rectifiers: Surpassing human-level performance on imagenet classification},
  author={He, Kaiming and Zhang, Xiangyu and Ren, Shaoqing and Sun, Jian},
  booktitle={Proceedings of the IEEE International Conference on Computer Vision},
  pages={1026--1034},
  year={2015}
}

@inproceedings{glorot2011domain,
  title={Domain adaptation for large-scale sentiment classification: A deep learning approach},
  author={Glorot, Xavier and Bordes, Antoine and Bengio, Yoshua},
  booktitle={Proceedings of the 28th International Conference on Machine Learning (ICML-11)},
  pages={513--520},
  year={2011}
}

@article{han2015object,
  title={Object detection in optical remote sensing images based on weakly supervised learning and high-level feature learning},
  author={Han, Junwei and Zhang, Dingwen and Cheng, Gong and Guo, Lei and Ren, Jinchang},
  journal={IEEE Transactions on Geoscience and Remote Sensing},
  volume={53},
  number={6},
  pages={3325--3337},
  year={2015},
  publisher={IEEE}
}


@article{tang2015compressed,
  title={Compressed-domain ship detection on spaceborne optical image using deep neural network and extreme learning machine},
  author={Tang, Jiexiong and Deng, Chenwei and Huang, Guang-Bin and Zhao, Baojun},
  journal={IEEE Transactions on Geoscience and Remote Sensing},
  volume={53},
  number={3},
  pages={1174--1185},
  year={2015},
  publisher={IEEE}
}

@article{chen2014vehicle,
  title={Vehicle detection in satellite images by hybrid deep convolutional neural networks},
  author={Chen, Xueyun and Xiang, Shiming and Liu, Cheng-Lin and Pan, Chun-Hong},
  journal={IEEE Geoscience and remote sensing letters},
  volume={11},
  number={10},
  pages={1797--1801},
  year={2014},
  publisher={IEEE}
}

@article{zhang2012combining,
  title={On combining multiple features for hyperspectral remote sensing image classification},
  author={Zhang, Lefei and Zhang, Liangpei and Tao, Dacheng and Huang, Xin},
  journal={IEEE Transactions on Geoscience and Remote Sensing},
  volume={50},
  number={3},
  pages={879--893},
  year={2012},
  publisher={IEEE}
}

@article{mnih2013playing,
  title={Playing atari with deep reinforcement learning},
  author={Mnih, Volodymyr and Kavukcuoglu, Koray and Silver, David and Graves, Alex and Antonoglou, Ioannis and Wierstra, Daan and Riedmiller, Martin},
  journal={arXiv preprint arXiv:1312.5602},
  year={2013}
}

@inproceedings{deng2013recent,
  title={Recent advances in deep learning for speech research at Microsoft},
  author={Deng, Li and Li, Jinyu and Huang, Jui-Ting and Yao, Kaisheng and Yu, Dong and Seide, Frank and Seltzer, Michael and Zweig, Geoff and He, Xiaodong and Williams, Jason and others},
  booktitle={2013 IEEE International Conference on Acoustics, Speech and Signal Processing},
  pages={8604--8608},
  year={2013},
  organization={IEEE}
}

@misc{ILSVRCarxiv14,
Author = {Olga Russakovsky and Jia Deng and Hao Su and Jonathan Krause and Sanjeev Satheesh and Sean Ma and Zhiheng Huang and Andrej Karpathy and Aditya Khosla and Michael Bernstein and Alexander C. Berg and Li Fei-Fei},
Title = {{ImageNet Large Scale Visual Recognition Challenge}},
Year = {2014},
Eprint = {arXiv:1409.0575},
}

@ARTICLE{2014arXiv1409.4842S,
   author = {{Szegedy}, C. and {Liu}, W. and {Jia}, Y. and {Sermanet}, P. and 
	{Reed}, S. and {Anguelov}, D. and {Erhan}, D. and {Vanhoucke}, V. and 
	{Rabinovich}, A.},
    title = "{Going Deeper with Convolutions}",
  journal = {ArXiv e-prints},
archivePrefix = "arXiv",
   eprint = {1409.4842},
 primaryClass = "cs.CV",
 keywords = {Computer Science - Computer Vision and Pattern Recognition},
     year = 2014,
    month = sep,
   adsurl = {http://adsabs.harvard.edu/abs/2014arXiv1409.4842S},
  adsnote = {Provided by the SAO/NASA Astrophysics Data System}
}

@article{mohamed2012acoustic,
  title={Acoustic modeling using deep belief networks},
  author={Mohamed, Abdel-rahman and Dahl, George E and Hinton, Geoffrey},
  journal={Audio, Speech, and Language Processing, IEEE Transactions on},
  volume={20},
  number={1},
  pages={14--22},
  year={2012},
  publisher={IEEE}
}
@article{hinton2006reducing,
  title={Reducing the dimensionality of data with neural networks},
  author={Hinton, Geoffrey E and Salakhutdinov, Ruslan R},
  journal={Science},
  volume={313},
  number={5786},
  pages={504--507},
  year={2006},
  publisher={American Association for the Advancement of Science}
}

@incollection{zeiler2014visualizing,
  title={Visualizing and understanding convolutional networks},
  author={Zeiler, Matthew D and Fergus, Rob},
  booktitle={Computer Vision--ECCV 2014},
  pages={818--833},
  year={2014},
  publisher={Springer}
}

@unpublished{Bengio-et-al-2014-Book,
    title={Deep Learning},
    author={Yoshua Bengio and Ian J. Goodfellow and Aaron Courville},
    note={Book in preparation for MIT Press},
    url={http://www.iro.umontreal.ca/~bengioy/dlbook},
    year={2014}
}

@article{bengio2013representation,
  title={Representation learning: A review and new perspectives},
  author={Bengio, Yoshua and Courville, Aaron and Vincent, Pascal},
  journal={Pattern Analysis and Machine Intelligence, IEEE Transactions on},
  volume={35},
  number={8},
  pages={1798--1828},
  year={2013},
  publisher={IEEE}
}

@article{mnih2013playing,
  title={Playing Atari with deep reinforcement learning},
  author={Mnih, Volodymyr and Kavukcuoglu, Koray and Silver, David and Graves, Alex and Antonoglou, Ioannis and Wierstra, Daan and Riedmiller, Martin},
  journal={arXiv preprint arXiv:1312.5602},
  year={2013}
}


@inproceedings{le1990handwritten,
  title={Handwritten digit recognition with a back-propagation network},
  author={Le Cun, B Boser and Denker, JS and Henderson, D and Howard, Richard E and Hubbard, W and Jackel, Lawrence D},
  booktitle={Advances in neural information processing systems},
  year={1990},
  organization={Citeseer}
}

@ARTICLE{2013arXiv1312.4659T,
   author = {{Toshev}, A. and {Szegedy}, C.},
    title = "{DeepPose: Human Pose Estimation via Deep Neural Networks}",
  journal = {ArXiv e-prints},
archivePrefix = "arXiv",
   eprint = {1312.4659},
 primaryClass = "cs.CV",
 keywords = {Computer Science - Computer Vision and Pattern Recognition},
     year = 2013,
    month = dec,
   adsurl = {http://adsabs.harvard.edu/abs/2013arXiv1312.4659T},
  adsnote = {Provided by the SAO/NASA Astrophysics Data System}
}

@article{howard2013some,
  title={Some Improvements on Deep Convolutional Neural Network Based Image Classification},
  author={Howard, Andrew G},
  journal={arXiv preprint arXiv:1312.5402},
  year={2013}
}

@inproceedings{ciresan2012multi,
  title={Multi-column deep neural networks for image classification},
  author={Ciresan, Dan and Meier, Ueli and Schmidhuber, J{\"u}rgen},
  booktitle={Computer Vision and Pattern Recognition (CVPR), 2012 IEEE Conference on},
  pages={3642--3649},
  year={2012},
  organization={IEEE}
}


@inproceedings{krizhevsky2012imagenet,
  title={Imagenet classification with deep convolutional neural networks},
  author={Krizhevsky, Alex and Sutskever, Ilya and Hinton, Geoffrey E},
  booktitle={Advances in neural information processing systems},
  pages={1097--1105},
  year={2012}
}

@inproceedings{glorot2010understanding,
  title={Understanding the difficulty of training deep feedforward neural networks},
  author={Glorot, Xavier and Bengio, Yoshua},
  booktitle={International Conference on Artificial Intelligence and Statistics},
  pages={249--256},
  year={2010}
}

@INPROCEEDINGS{6947537,
author={Qi Lv and Yong Dou and Xin Niu and Jiaqing Xu and Baoliang Li},
booktitle={Geoscience and Remote Sensing Symposium (IGARSS), 2014 IEEE International},
title={Classification of land cover based on deep belief networks using polarimetric RADARSAT-2 data},
year={2014},
month={July},
pages={4679-4682},
abstract={Urban land use and land cover (LULC) classification is one of the core applications in Geographic Information Sys-tem(GIS). In this paper, a novel classification approach based on Deep Belief Network(DBN) for detailed urban mapping is proposed. Deep Belief Network (DBN) is a widely investigated and deployed deep learning model. By applying the DBN model, effective spatio-temporal mapping features can be automatically extracted to improve the classification performance. Six-date RADARSAT-2 Polarimetric SAR (PolSAR) data over the Great Toronto Area were used for evaluation. Experimental results showed that the proposed method can outperform SVM and contextual approaches using adaptive MRF.},
keywords={geophysical image processing;geophysical techniques;image classification;land cover;remote sensing by radar;DBN model;Deep Belief Networks;Great Toronto Area;LULC classification;PolSAR data;RADARSAT-2 Polarimetric SAR;classification performance;effective spatio-temporal mapping features;geographic information system;land cover classification;polarimetric RADARSAT-2 data;urban land cover;urban land use;urban mapping;Computers;Educational institutions;Feature extraction;Support vector machine classification;Synthetic aperture radar;Training;Deep Belief Network(DBN);Land cover classification;PolSAR;Restricted Boltzmann Machines(RBMs);deep learning},
doi={10.1109/IGARSS.2014.6947537},}