@inproceedings{ng2002discriminative,
  title={On Discriminative vs. Generative Classifiers: A comparison of logistic regression and naive Bayes},
  author={Ng, Andrew Y and Jordan, Michael I},
  booktitle={Advances in Neural Information Processing Systems},
  pages={841--848},
  year={2002}
}

@book{curlander1991synthetic,
  title={Synthetic aperture radar},
  author={Curlander, John C and McDonough, Robert N},
  year={1991},
  publisher={John Wiley \& Sons New York, NY, USA}
}

@inproceedings{he2016deep,
  title={Deep residual learning for image recognition},
  author={He, Kaiming and Zhang, Xiangyu and Ren, Shaoqing and Sun, Jian},
  booktitle={Proceedings of the IEEE Conference on Computer Vision and Pattern Recognition},
  pages={770--778},
  year={2016}
}


@inproceedings{glorot2010understanding,
  title={Understanding the difficulty of training deep feedforward neural networks},
  author={Glorot, Xavier and Bengio, Yoshua},
  booktitle={International conference on artificial intelligence and statistics},
  pages={249--256},
  year={2010}
}

@article{cohen1960,
  title={A Coefficient of Agreement for Nominal Scales},
  author={Cohen, Jacob},
  journal={Educational and Psychological Measurement },
  volume={20},
  number={1},
  pages={37--46},
  year={1960},
  publisher={Sage Pub}
}

@article{hsu2003interrater,
  title={Interrater agreement measures: Comments on Kappan, Cohen's Kappa, Scott's $\pi$, and Aickin's $\alpha$},
  author={Hsu, Louis M and Field, Ronald},
  journal={Understanding Statistics},
  volume={2},
  number={3},
  pages={205--219},
  year={2003},
  publisher={Taylor \& Francis}
}



@article{kuo2014kernel,
  title={A kernel-based feature selection method for SVM with RBF kernel for hyperspectral image classification},
  author={Kuo, Bor-Chen and Ho, Hsin-Hua and Li, Cheng-Hsuan and Hung, Chih-Cheng and Taur, Jin-Shiuh},
  journal={Selected Topics in Applied Earth Observations and Remote Sensing, IEEE Journal of},
  volume={7},
  number={1},
  pages={317--326},
  year={2014},
  publisher={IEEE}
}

@inproceedings{liu2011gaussian,
  title={A Gaussian radial basis function based feature selection algorithm},
  author={Liu, Zhiliang and Zuo, Ming J and Xu, Hongbing},
  booktitle={Computational Intelligence for Measurement Systems and Applications (CIMSA), 2011 IEEE International Conference on},
  pages={1--4},
  year={2011},
  organization={IEEE}
}

