@INPROCEEDINGS{Zhou2013MLparam, 
author={Xin Zhou and Ju Jiang and Congqing Wang}, 
booktitle={Applied Sciences and Technology (IBCAST), 2013 10th International Bhurban Conference on}, 
title={Maximum likelihood parameter estimation for G0 distribution via EM algorithm}, 
year={2013}, 
month={Jan}, 
pages={89-93}, 
keywords={expectation-maximisation algorithm;EM algorithm;G0 distribution;SAR image data modeling;expectation maximization algorithm;maximum likelihood estimator;maximum likelihood parameter estimation;statistical model;Clutter;Laboratories;Level set;Maximum likelihood estimation;Method of moments}, 
doi={10.1109/IBCAST.2013.6512136},}

@ARTICLE{Frery97hetroclutter, 
author={Frery, A.C. and Muller, H.-J. and Yanasse, C.C.F. and Sant'Anna, S.J.S.}, 
journal={Geoscience and Remote Sensing, IEEE Transactions on}, 
title={A model for extremely heterogeneous clutter}, 
year={1997}, 
month={May}, 
volume={35}, 
number={3}, 
pages={648-659}, 
keywords={backscatter;electromagnetic wave scattering;geophysical techniques;radar clutter;radar cross-sections;radar imaging;radar theory;remote sensing by radar;G distribution;amplitude data;extremely heterogeneous clutter;geophysical measurement technique;land surface;model;multilook intensity;multiplicative model;radar clutter;radar remote sensing;speckle;terrain mapping;urban area;Backscatter;Clutter;Filters;Gaussian distribution;Helium;Image analysis;Image processing;Noise reduction;Speckle;Urban areas}, 
doi={10.1109/36.581981}, 
ISSN={0196-2892},}

@article{lukaszyk2004new,
  title={A new concept of probability metric and its applications in approximation of scattered data sets},
  author={{\L}ukaszyk, S},
  journal={Computational Mechanics},
  volume={33},
  number={4},
  pages={299--304},
  year={2004},
  publisher={Springer}
}


@article{jakeman1976model,
  title={A model for non-Rayleigh sea echo},
  author={Jakeman, Eo and Pusey, PN},
  journal={Antennas and Propagation, IEEE Transactions on},
  volume={24},
  number={6},
  pages={806--814},
  year={1976},
  publisher={IEEE}
}

@inproceedings{lee1994k,
  title={K-distribution for multi-look processed polarimetric SAR imagery},
  author={Lee, JS and Schuler, DL and Lang, RH and Ranson, KJ},
  booktitle={Geoscience and Remote Sensing Symposium, 1994. IGARSS'94. Surface and Atmospheric Remote Sensing: Technologies, Data Analysis and Interpretation., International},
  volume={4},
  pages={2179--2181},
  year={1994},
  organization={IEEE}
}

@article{doulgeris2010scale,
  title={Scale mixture of Gaussian modelling of polarimetric SAR data},
  author={Doulgeris, Anthony P and Eltoft, Torbj{\o}rn},
  journal={EURASIP Journal on Advances in Signal Processing},
  volume={2010},
  pages={2},
  year={2010},
  publisher={Hindawi Publishing Corp.}
}

@article{freitas2005polarimetric,
  title={The polarimetric G distribution for SAR data analysis},
  author={Freitas, Corina C and Frery, Alejandro C and Correia, Antonio H},
  journal={Environmetrics},
  volume={16},
  number={1},
  pages={13--31},
  year={2005},
  publisher={Wiley Online Library}
}

@book{van2011synthetic,
  title={Synthetic aperture radar polarimetry},
  author={van Zyl, Jakob J},
  volume={2},
  year={2011},
  publisher={John Wiley \& Sons}
}

@ARTICLE{Akbari2014NonGausseanClassification,
author={Akbari, V. and Doulgeris, A.P. and Eltoft, T.},
journal={Geoscience and Remote Sensing, IEEE Transactions on},
title={Monitoring Glacier Changes Using Multitemporal Multipolarization SAR Images},
year={2014},
month={June},
volume={52},
number={6},
pages={3729-3741},
abstract={This paper presents a processing chain for the change detection of Arctic glaciers from multitemporal multipolarization synthetic aperture radar (SAR) images. We produce terrain-corrected multilook complex covariance data by including the effects of topography on both geolocation and SAR radiometry as well as azimuth slope variations on polarization signature. An unsupervised contextual non-Gaussian clustering algorithm is employed for the segmentation of each terrain-corrected polarimetric SAR image and subsequently labeled with the aid of ground-truth data into glacier facies. We demonstrate the consistency of the segmentation algorithm by characterizing the expected random error level for different SAR acquisition conditions. This allows us to determine whether an observed variation is statistically significant and therefore can be used for the postclassification change detection of Arctic glaciers. Subsequently, the average classified images of succeeding years are compared, and changes are identified as the detected differences in the location of boundaries between glacier facies. In the current analysis, a series of dual-polarization C-band ENVISAT ASAR images over the Kongsvegen glacier, Svalbard, is used for demonstration.},
keywords={glaciology;oceanographic regions;remote sensing by radar;synthetic aperture radar;Arctic glacier detection;Kongsvegen glacier;SAR acquisition conditions;SAR radiometry;Svalbard;dual-polarization C-band ENVISAT ASAR images;glacier change monitoring;ground-truth data;multitemporal multipolarization SAR images;postclassification change detection;synthetic aperture radar;terrain-corrected multilook complex covariance data;terrain-corrected polarimetric SAR image;topography effects;unsupervised contextual nonGaussian clustering algorithm;Backscatter;Covariance matrices;Data models;Radiometry;Scattering;Synthetic aperture radar;Vectors;Matrix log-cumulant diagram;multilook product model;polarimetric synthetic aperture radar (PolSAR);postclassification change detection;radiometric terrain correction (RTC);unsupervised contextual non-Gaussian segmentation},
doi={10.1109/TGRS.2013.2275203},
ISSN={0196-2892},}
