@book{lee2009polarimetric,
  title={Polarimetric radar imaging: from basics to applications},
  author={Lee, Jong-Sen and Pottier, Eric},
  year={2009},
  publisher={CRC press}
}

@inproceedings{ainsworth2000multi,
	title={Multi-frequency polarimetric SAR data analysis of ocean surface features},
	author={Ainsworth, TL and Lee, JS and Schuler, DL},
	booktitle={Geoscience and Remote Sensing Symposium, 2000. Proceedings. IGARSS 2000. IEEE 2000 International},
	volume={3},
	pages={1113--1115},
	year={2000},
	organization={IEEE}
}

@inproceedings{coates2011importance,
  title={The importance of encoding versus training with sparse coding and vector quantization},
  author={Coates, Adam and Ng, Andrew Y},
  booktitle={Proceedings of the 28th international conference on machine learning (ICML-11)},
  pages={921--928},
  year={2011}
}


@inproceedings{venkataraman2010fully,
	title={Fully polarimetric ALOS PALSAR data applications for snow and ice studies},
	author={Venkataraman, Gopalan and Singh, Gulab and Yamaguchi, Yoshio},
	booktitle={Geoscience and Remote Sensing Symposium (IGARSS), 2010 IEEE International},
	pages={1776--1779},
	year={2010},
	organization={IEEE}
}

@article{singh2014capability,
	title={Capability Assessment of Fully Polarimetric ALOS--PALSAR data for Discriminating Wet Snow from Other Scattering Types in Mountainous Regions},
	author={Singh, Gagan and Venkataraman, Ganesh and Yamaguchi, Yoshio and Park, Sang-Eun},
	journal={Geoscience and Remote Sensing, IEEE Transactions on},
	volume={52},
	number={2},
	pages={1177--1196},
	year={2014},
	publisher={IEEE}
}

@article{nagler2000retrieval,
	title={Retrieval of wet snow by means of multitemporal SAR data},
	author={Nagler, Thomas and Rott, Helmut},
	journal={Geoscience and Remote Sensing, IEEE Transactions on},
	volume={38},
	number={2},
	pages={754--765},
	year={2000},
	publisher={IEEE}
}

@article{baghdadi1997capability,
	title={Capability of multitemporal ERS-1 SAR data for wet-snow mapping},
	author={Baghdadi, N{\'e}hm{\'e} and Gauthier, Yves and Bernier, Monique},
	journal={Remote sensing of environment},
	volume={60},
	number={2},
	pages={174--186},
	year={1997},
	publisher={Elsevier}
}

@inproceedings{venkataraman2008snow,
	title={Snow cover area monitoring using multitemporal TerraSAR-X data},
	author={Venkataraman, G and Singh, G and Kumar, V},
	booktitle={Third TerraSAR-X Science Team Meeting, DLR, Germany},
	year={2008}
}

@inproceedings{zakharova2010seasonal,
	title={Seasonal variations of land cover polarimetric properties on ALOS PALSAR images},
	author={Zakharova, Ludmila},
	booktitle={Synthetic Aperture Radar (EUSAR), 2010 8th European Conference on},
	pages={1--4},
	year={2010},
	organization={VDE}
}

@inproceedings{ainsworth2002eigenvector,
	title={Eigenvector analysis of polarimetric SAR data},
	author={Ainsworth, TL and Cloude, SR and Lee, JS},
	booktitle={Geoscience and Remote Sensing Symposium, 2002. IGARSS'02. 2002 IEEE International},
	volume={1},
	pages={626--628},
	year={2002},
	organization={IEEE}
}

@article{park2014polarimetric,
	title={Polarimetric SAR response of snow-covered area observed by multi-temporal ALOS PALSAR fully polarimetric mode},
	author={Park, Sang-Eun and Yamaguchi, Yoshio and Singh, Gagan and Yamaguchi, Satarou and Whitaker, Andrew C},
	journal={Geoscience and Remote Sensing, IEEE Transactions on},
	volume={52},
	number={1},
	pages={329--340},
	year={2014},
	publisher={IEEE}
}

@article{baghdadi1997capability,
	title={Capability of multitemporal ERS-1 SAR data for wet-snow mapping},
	author={Baghdadi, N{\'e}hm{\'e} and Gauthier, Yves and Bernier, Monique},
	journal={Remote sensing of environment},
	volume={60},
	number={2},
	pages={174--186},
	year={1997},
	publisher={Elsevier}
}

@article{shi1994snow,
	title={Snow mapping in alpine regions with synthetic aperture radar},
	author={Shi, Jiancheng and Dozier, Jeff and Rott, Helmut},
	journal={Geoscience and Remote Sensing, IEEE Transactions on},
	volume={32},
	number={1},
	pages={152--158},
	year={1994},
	publisher={IEEE}
}

@article{shi1997mapping,
	title={Mapping seasonal snow with SIR-C/X-SAR in mountainous areas},
	author={Shi, Jiancheng and Dozier, Jeff},
	journal={Remote Sensing of Environment},
	volume={59},
	number={2},
	pages={294--307},
	year={1997},
	publisher={Elsevier}
}

@article{nagler2000retrieval,
	title={Retrieval of wet snow by means of multitemporal SAR data},
	author={Nagler, Thomas and Rott, Helmut},
	journal={Geoscience and Remote Sensing, IEEE Transactions on},
	volume={38},
	number={2},
	pages={754--765},
	year={2000},
	publisher={IEEE}
}

@article{matzler1987applications,
	title={Applications of the interaction of microwaves with the natural snow cover},
	author={M{\"a}tzler, Christian},
	journal={Remote sensing reviews},
	volume={2},
	number={2},
	pages={259--387},
	year={1987},
	publisher={Taylor \& Francis}
}

@article{rott1993multifrequency,
	title={Multifrequency and polarimetric SAR obervations on alpine glaciers},
	author={Rott, Helmut and Davis, Robert E},
	journal={Annals of Glaciology},
	volume={17},
	pages={98--104},
	year={1993}
}

@inproceedings{ainsworth2000multi,
	title={Multi-frequency polarimetric SAR data analysis of ocean surface features},
	author={Ainsworth, TL and Lee, JS and Schuler, DL},
	booktitle={Geoscience and Remote Sensing Symposium, 2000. Proceedings. IGARSS 2000. IEEE 2000 International},
	volume={3},
	pages={1113--1115},
	year={2000},
	organization={IEEE}
}


@inproceedings{nagler2005snow,
	title={Snow classification algorithm for Envisat ASAR},
	author={Nagler, Thomas and Rott, Helmut},
	booktitle={Envisat \& ERS Symposium},
	volume={572},
	pages={320},
	year={2005}
}

@inproceedings{pettinato2005mapping,
	title={Mapping snow cover in alpine areas with ENVISAT/SAR images},
	author={Pettinato, Simone and Poggi, Pietro and Macelloni, Giovanni and Paloscia, Simonetta and Pampaloni, Paolo and Crepaz, Andrea},
	booktitle={Proceedings of the ENVISAT \& ERS Symposium, Salzburg, Austria, 6-10 September 2004},
	year={2005},
	organization={Citeseer}
}

@inproceedings{venkataraman2008snow,
	title={Snow cover area monitoring using multitemporal TerraSAR-X data},
	author={Venkataraman, G and Singh, G and Kumar, V},
	booktitle={Third TerraSAR-X Science Team Meeting, DLR, Germany},
	year={2008}
}

@article{rau2000monitoring,
	title={Monitoring multi-year snow cover dynamics on the Antarctic Peninsula using SAR imagery},
	author={Rau, Frank and Braun, Matthias and Saurer, Helmut and Go{\ss}mann, Hermann and Kothe, Gunnar and Weber, Frank and Ebel, Martin and Beppler, Dirk},
	journal={Polarforschung},
	volume={67},
	number={1/2},
	pages={27--40},
	year={2000},
	publisher={Alfred Wegener Institute for Polar and Marine Research \& German Society of Polar Research}
}

@inproceedings{zakharova2010seasonal,
	title={Seasonal variations of land cover polarimetric properties on ALOS PALSAR images},
	author={Zakharova, Ludmila},
	booktitle={Synthetic Aperture Radar (EUSAR), 2010 8th European Conference on},
	pages={1--4},
	year={2010},
	organization={VDE}
}


@article{kostinski1987polarimetric,
	title={On the polarimetric contrast optimization},
	author={Kostinski, Alexander B and Boerner, Wolfgang-Martin},
	journal={Antennas and Propagation, IEEE Transactions on},
	volume={35},
	number={8},
	pages={988--991},
	year={1987},
	publisher={IEEE}
}

@article{goodison1984canada,
	title={Canada—United States Prairie Snow Cover Runoff Study},
	author={Goodison, BE and Banga, A and Halliday, RA},
	journal={Canadian Water Resources Journal},
	volume={9},
	number={1},
	pages={99--107},
	year={1984},
	publisher={Taylor \& Francis}
}

@article{hall1995development,
	title={Development of methods for mapping global snow cover using moderate resolution imaging spectroradiometer data},
	author={Hall, Dorothy K and Riggs, George A and Salomonson, Vincent V},
	journal={Remote sensing of Environment},
	volume={54},
	number={2},
	pages={127--140},
	year={1995},
	publisher={Elsevier}
}

@inproceedings{venkataraman2010fully,
	title={Fully polarimetric ALOS PALSAR data applications for snow and ice studies},
	author={Venkataraman, Gopalan and Singh, Gulab and Yamaguchi, Yoshio},
	booktitle={Geoscience and Remote Sensing Symposium (IGARSS), 2010 IEEE International},
	pages={1776--1779},
	year={2010},
	organization={IEEE}
}

@article{haefner2001small,
	title={SMALL-SCALE MONITORING OF WET SNOWCOVER WITH RADARSAT-SCANSAR DATA},
	author={Haefner, Harold},
	journal={EARSeL eProceedings},
	number={1},
	pages={339--346},
	year={2001},
	publisher={Citeseer}
}

@article{rott1987possibilities,
	title={Possibilities and limits of synthetic aperture radar for snow and glacier surveying},
	author={Rott, Helmut and M{\"a}tzler, C},
	journal={Annals of Glaciology},
	volume={9},
	pages={195--199},
	year={1987}
}

@article{rott1994capabilities,
	title={Capabilities of ERS-1 SAR for snow and glacier monitoring in alpine areas},
	author={Rott, H and Nagler, T},
	journal={EUROPEAN SPACE AGENCY-PUBLICATIONS-ESA SP},
	volume={361},
	pages={965--965},
	year={1994},
	publisher={European Space Agency}
}

@article{shi1993measuretnents,
	title={Measuretnents of snow-and glacier-covered areas with single-polarization SAR},
	author={Shi, Jiancheng and Dozier, Jeff},
	year={1993}
}

@inproceedings{shi1994active,
	title={Active microwave measurements of snow cover progress in polarimetric SAR},
	author={Shi, Jiancheng and Dozier, Jeff and Rott, Helmut},
	booktitle={Geoscience and Remote Sensing Symposium, 1994. IGARSS'94. Surface and Atmospheric Remote Sensing: Technologies, Data Analysis and Interpretation., International},
	volume={4},
	pages={1922--1924},
	year={1994},
	organization={IEEE}
}

@article{koskinen1997use,
	title={The use of ERS-1 SAR data in snow melt monitoring},
	author={Koskinen, Jarkko T and Pulliainen, Jouni T and Hallikainen, Martti T},
	journal={Geoscience and Remote Sensing, IEEE Transactions on},
	volume={35},
	number={3},
	pages={601--610},
	year={1997},
	publisher={IEEE}
}

@article{luojus2007snow,
	title={Snow-covered area estimation using satellite radar wide-swath images},
	author={Luojus, Kari P and Pulliainen, Jouni T and Mets{\"a}m{\"a}ki, Sari J and Hallikainen, Martti T},
	journal={Geoscience and Remote Sensing, IEEE Transactions on},
	volume={45},
	number={4},
	pages={978--989},
	year={2007},
	publisher={IEEE}
}

@inproceedings{hallikainen2002progress,
	title={Progress and challenges in radar remote sensing of snow},
	author={Hallikainen, Martti and Pulliainen, Jouni and Praks, Jaan and Arslan, Ali},
	booktitle={Retrieval of Bio-and Geo-Physical Parameters from SAR Data for Land Applications},
	volume={475},
	pages={185--192},
	year={2002}
}

@article{strozzi1999mapping,
	title={Mapping wet snowcovers with SAR interferometry},
	author={Strozzi, Tazio and Wegmuller, Urs and Matzler, Christian},
	journal={International Journal of Remote Sensing},
	volume={20},
	number={12},
	pages={2395--2403},
	year={1999},
	publisher={Taylor \& Francis}
}

@article{yamaguchi1995polarimetric,
	title={Polarimetric enhancement in radar channel imagery},
	author={Yamaguchi, Yoshio and Takayanagi, Yuji and Boerner, Wolfgang-M and Eom, Hyo Joon and Sengoku, Masakazu},
	journal={IEICE transactions on communications},
	volume={78},
	number={12},
	pages={1571--1579},
	year={1995},
	publisher={The Institute of Electronics, Information and Communication Engineers}
}

@article{martini2006snow,
	title={Snow extent mapping in alpine areas using polarimetric SAR data},
	author={Martini, Audrey and Dedieu, Jean-Pierre and Ferro-Famil, Laurent and Bernier, Monique and Pottier, Eric},
	journal={EARSeL eProceedings},
	volume={5},
	number={1},
	pages={129--136},
	year={2006}
}

@article{touzi2007target,
	title={Target scattering decomposition in terms of roll-invariant target parameters},
	author={Touzi, Ridha},
	journal={Geoscience and Remote Sensing, IEEE Transactions on},
	volume={45},
	number={1},
	pages={73--84},
	year={2007},
	publisher={IEEE}
}

@article{touzi2009phase,
	title={Phase of target scattering for wetland characterization using polarimetric C-band SAR},
	author={Touzi, Ridha and Deschamps, Alice and Rother, Gershon},
	journal={Geoscience and Remote Sensing, IEEE Transactions on},
	volume={47},
	number={9},
	pages={3241--3261},
	year={2009},
	publisher={IEEE}
}

@article{cloude1996review,
	title={A review of target decomposition theorems in radar polarimetry},
	author={Cloude, Sham Robert and Pottier, Eric},
	journal={Geoscience and Remote Sensing, IEEE Transactions on},
	volume={34},
	number={2},
	pages={498--518},
	year={1996},
	publisher={IEEE}
}

@inproceedings{besic2013poincare,
	title={Poincare sphere representation of independent scattering sources: application on distributed targets},
	author={Besic, Nikola and Vasile, Gabriel and Chanussot, Jocelyn and Stankovic, Srdjan},
	booktitle={6th International Workshop on Science and Applications of SAR Polarimetry and Polarimetric Interferometry (POLinSAR 2013)},
	pages={7--pages},
	year={2013}
}


%% reference from Martini's paper

@inproceedings{shi1993modeling,
	title={Modeling and observation of polarimetric SAR response to dry snow},
	author={Shi, Jiancheng and Dozier, Jeff and Rott, Helmut},
	booktitle={Geoscience and Remote Sensing Symposium, 1993. IGARSS'93. Better Understanding of Earth Environment., International},
	pages={1042--1045},
	year={1993},
	organization={IEEE}
}

@article{bernier1998potential,
	title={The potential of times series of C-band SAR data to monitor dry and shallow snow cover},
	author={Bernier, Monique and Fortin, Jean-Pierre},
	journal={Geoscience and Remote Sensing, IEEE Transactions on},
	volume={36},
	number={1},
	pages={226--243},
	year={1998},
	publisher={IEEE}
}

@inproceedings{martini2004multi,
	title={Multi-frequency polarimetric snow discrimination in Alpine areas},
	author={Martini, Audrey and Ferro-Famil, Laurent and Pottier, Eric},
	booktitle={Geoscience and Remote Sensing Symposium, 2004. IGARSS'04. Proceedings. 2004 IEEE International},
	volume={6},
	pages={3684--3687},
	year={2004},
	organization={IEEE}
}

@article{cloude1996review,
	title={A review of target decomposition theorems in radar polarimetry},
	author={Cloude, Sham Robert and Pottier, Eric},
	journal={Geoscience and Remote Sensing, IEEE Transactions on},
	volume={34},
	number={2},
	pages={498--518},
	year={1996},
	publisher={IEEE}
}

@article{ferro2001unsupervised,
	title={Unsupervised classification of multifrequency and fully polarimetric SAR images based on the H/A/Alpha-Wishart classifier},
	author={Ferro-Famil, Laurent and Pottier, Eric and Lee, Jong-Sen},
	journal={Geoscience and Remote Sensing, IEEE Transactions on},
	volume={39},
	number={11},
	pages={2332--2342},
	year={2001},
	publisher={IEEE}
}

@article{cloude1997entropy,
	title={An entropy based classification scheme for land applications of polarimetric SAR},
	author={Cloude, Shane Robert and Pottier, Eric},
	journal={Geoscience and Remote Sensing, IEEE Transactions on},
	volume={35},
	number={1},
	pages={68--78},
	year={1997},
	publisher={IEEE}
}

@article{yang2000numerical,
	title={Numerical methods for solving the optimal problem of contrast enhancement},
	author={Yang, Jian and Yamaguchi, Yoshio and Boerner, Wolfgang-Martin and Lin, Shiming},
	journal={Geoscience and Remote Sensing, IEEE Transactions on},
	volume={38},
	number={2},
	pages={965--971},
	year={2000},
	publisher={IEEE}
}

@article{ioannidis1979optimum,
	title={Optimum antenna polarizations for target discrimination in clutter},
	author={Ioannidis, George A and Hammers, David E},
	journal={IEEE Transactions on Antennas and Propagation},
	volume={27},
	pages={357--363},
	year={1979}
}

@inproceedings{martini2004multi,
	title={Multi-frequency polarimetric snow discrimination in Alpine areas},
	author={Martini, Audrey and Ferro-Famil, Laurent and Pottier, Eric},
	booktitle={Geoscience and Remote Sensing Symposium, 2004. IGARSS'04. Proceedings. 2004 IEEE International},
	volume={6},
	pages={3684--3687},
	year={2004},
	organization={IEEE}
}

@article{cohen2015effect,
	title={The Effect of Boreal Forest Canopy in Satellite Snow Mapping—A Multisensor Analysis},
	author={Cohen, Juval and Lemmetyinen, Juha and Pulliainen, Jouni and Heinila, Kirsikka and Montomoli, Francesco and Seppanen, Jaakko and Hallikainen, Martti T},
	journal={Geoscience and Remote Sensing, IEEE Transactions on},
	volume={53},
	number={12},
	pages={6593--6607},
	year={2015},
	publisher={IEEE}
}


@article{singh2014capability,
	title={Capability Assessment of Fully Polarimetric ALOS--PALSAR data for Discriminating Wet Snow from Other Scattering Types in Mountainous Regions},
	author={Singh, Gagan and Venkataraman, Ganesh and Yamaguchi, Yoshio and Park, Sang-Eun},
	journal={Geoscience and Remote Sensing, IEEE Transactions on},
	volume={52},
	number={2},
	pages={1177--1196},
	year={2014},
	publisher={IEEE}
}

@article{surendar2015development,
	title={Development of a snow wetness inversion algorithm using polarimetric scattering power decomposition model},
	author={Surendar, M and Bhattacharya, A and Singh, G and Yamaguchi, Y and Venkataraman, G},
	journal={International Journal of Applied Earth Observation and Geoinformation},
	volume={42},
	pages={65--75},
	year={2015},
	publisher={Elsevier}
}

@article{Surendar2015,
	title = "Estimation of snow density using full-polarimetric Synthetic Aperture Radar (SAR) data ",
	journal = "Physics and Chemistry of the Earth, Parts A/B/C ",
	volume = "",
	number = "",
	pages = " - ",
	year = "2015",
	note = "",
	issn = "1474-7065",
	doi = "http://dx.doi.org/10.1016/j.pce.2015.07.001",
	url = "http://www.sciencedirect.com/science/article/pii/S1474706515000741",
	author = "M. Surendar and A. Bhattacharya and G. Singh and G. Venkataraman",
	keywords = "SAR",
	keywords = "Polarimetry",
	keywords = "Decomposition",
	keywords = "Dielectric",
	keywords = "Snow density "
}

@article{magagi2002use,
	title={Use of ground observations to simulate the seasonal changes in the backscattering coefficient of the subarctic forest},
	author={Magagi, Ramata and Bernier, Monique and Bouchard, Marie-Claude},
	journal={Geoscience and Remote Sensing, IEEE Transactions on},
	volume={40},
	number={2},
	pages={281--297},
	year={2002},
	publisher={IEEE}
}

@inproceedings{zakharova2010seasonal,
	title={Seasonal variations of land cover polarimetric properties on ALOS PALSAR images},
	author={Zakharova, Ludmila},
	booktitle={Synthetic Aperture Radar (EUSAR), 2010 8th European Conference on},
	pages={1--4},
	year={2010},
	organization={VDE}
}


@article{phan2012analysis,
	title={Analysis of snowpack properties and structure from TerraSAR-X data, based on multilayer backscattering and snow evolution modeling approaches},
	author={Phan, Xuan-Vu and Ferro-Famil, Laurent and Gay, Michel and Durand, Yves and Dumont, Marie and Allain, Sophie and D'Urso, Guy},
	journal={arXiv preprint arXiv:1211.3278},
	year={2012}
}

@article{park2015variations,
	title={Variations of Microwave Scattering Properties by Seasonal Freeze/Thaw Transition in the Permafrost Active Layer Observed by ALOS PALSAR Polarimetric Data},
	author={Park, Sang-Eun},
	journal={Remote Sensing},
	volume={7},
	number={12},
	pages={17135--17148},
	year={2015},
	publisher={Multidisciplinary Digital Publishing Institute}
}

@article{surendar2015development,
	title={Development of a snow wetness inversion algorithm using polarimetric scattering power decomposition model},
	author={Surendar, M and Bhattacharya, A and Singh, G and Yamaguchi, Y and Venkataraman, G},
	journal={International Journal of Applied Earth Observation and Geoinformation},
	volume={42},
	pages={65--75},
	year={2015},
	publisher={Elsevier}
}

@inproceedings{dobson1990effects,
	title={Effects of temperature on radar backscatter from boreal forests},
	author={Dobson, M Craig and McDonald, Kyle and Ulaby, Fawwaz T and Way, JoBea},
	booktitle={Geoscience and Remote Sensing Symposium, 1990. IGARSS'90.'Remote Sensing Science for the Nineties'., 10th Annual International},
	pages={2481--2484},
	year={1990},
	organization={IEEE}
}

@article{kwok1994polarization,
	title={Polarization signatures of frozen and thawed forests of varying environmental state},
	author={Kwok, Ronald and Rignot, Eric JM and Way, JoBea and Freeman, Anthony and Holt, John},
	journal={Geoscience and Remote Sensing, IEEE Transactions on},
	volume={32},
	number={2},
	pages={371--381},
	year={1994},
	publisher={IEEE}
}

@article{zhang2004application,
	title={Application of satellite remote sensing techniques to frozen ground studies},
	author={Zhang, Tingjun and Barry, Roger G and Armstrong, Richard L},
	journal={Polar Geography},
	volume={28},
	number={3},
	pages={163--196},
	year={2004},
	publisher={Taylor \& Francis}
}

@article{way1990effect,
	title={The effect of changing environmental conditions on microwave signatures of forest ecosystems: preliminary results of the March 1988 Alaskan aircraft SAR experiment},
	author={Way, Jobea and Paris, Jack and Kasischke, Eric and Slaughter, Charles and Viereck, Leslie and Christensen, Norman and Dobson, Myron C and Ulaby, Fawwaz and Richards, John and Milne, Anthony and others},
	journal={International Journal of Remote Sensing},
	volume={11},
	number={7},
	pages={1119--1144},
	year={1990},
	publisher={Taylor \& Francis}
}

@inproceedings{fung1994modeling,
	title={Modeling interpretation of scattering from snow-covered sea ice},
	author={Fung, AK and Tjuatja, S and Beaven, S and Gogineni, SP and Jezek, K and Gow, AJ and Perovich, DK},
	booktitle={Geoscience and Remote Sensing Symposium, 1994. IGARSS'94. Surface and Atmospheric Remote Sensing: Technologies, Data Analysis and Interpretation., International},
	volume={1},
	pages={617--619},
	year={1994},
	organization={IEEE}
}

@article{surendar2015estimation,
	title={Estimation of snow density using full-polarimetric Synthetic Aperture Radar (SAR) data},
	author={Surendar, M and Bhattacharya, A and Singh, G and Venkataraman, G},
	journal={Physics and Chemistry of the Earth, Parts A/B/C},
	volume={83},
	pages={156--165},
	year={2015},
	publisher={Elsevier}
}

@article{kimball2004radar,
	title={Radar remote sensing of the spring thaw transition across a boreal landscape},
	author={Kimball, JS and McDonald, KC and Frolking, S and Running, SW},
	journal={Remote Sensing of Environment},
	volume={89},
	number={2},
	pages={163--175},
	year={2004},
	publisher={Elsevier}
}

@article{pivot2012c,
	title={C-band SAR imagery for snow-cover monitoring at Treeline, Churchill, Manitoba, Canada},
	author={Pivot, Fr{\'e}d{\'e}rique C},
	journal={Remote Sensing},
	volume={4},
	number={7},
	pages={2133--2155},
	year={2012},
	publisher={Molecular Diversity Preservation International}
}

@article{bernier1987microwave,
	title={Microwave remote sensing of snowpack properties: potential and limitations},
	author={Bernier, PY},
	journal={Hydrology Research},
	volume={18},
	number={1},
	pages={1--20},
	year={1987},
	publisher={IWA Publishing}
}

@article{jagdhuber2014identification,
	title={Identification of soil freezing and thawing states using SAR polarimetry at C-Band},
	author={Jagdhuber, Thomas and Stockamp, Julia and Hajnsek, Irena and Ludwig, Ralf},
	journal={Remote Sensing},
	volume={6},
	number={3},
	pages={2008--2023},
	year={2014},
	publisher={Multidisciplinary Digital Publishing Institute}
}

@article{pivot2012c,
	title={C-band SAR imagery for snow-cover monitoring at Treeline, Churchill, Manitoba, Canada},
	author={Pivot, Fr{\'e}d{\'e}rique C},
	journal={Remote Sensing},
	volume={4},
	number={7},
	pages={2133--2155},
	year={2012},
	publisher={Molecular Diversity Preservation International}
}

@article{park2011monitoring,
	title={Monitoring freeze/thaw cycles using ENVISAT ASAR Global Mode},
	author={Park, Sang-Eun and Bartsch, Annett and Sabel, Daniel and Wagner, Wolfgang and Naeimi, Vahid and Yamaguchi, Yoshio},
	journal={Remote Sensing of Environment},
	volume={115},
	number={12},
	pages={3457--3467},
	year={2011},
	publisher={Elsevier}
}

@article{bolch2012state,
	title={The state and fate of Himalayan glaciers},
	author={Bolch, Tobias and Kulkarni, Anil and K{\"a}{\"a}b, Andreas and Huggel, Christian and Paul, Frank and Cogley, JG and Frey, Holger and Kargel, Jeffrey S and Fujita, Koji and Scheel, Marlene and others},
	journal={Science},
	volume={336},
	number={6079},
	pages={310--314},
	year={2012},
	publisher={American Association for the Advancement of Science}
}

@article{sihvola1986snow,
	title={Snow fork for field determination of the density and wetness profiles of a snow pack},
	author={Sihvola, Ari and Tiuri, Martti},
	journal={Geoscience and Remote Sensing, IEEE Transactions on},
	number={5},
	pages={717--721},
	year={1986},
	publisher={IEEE}
}

@article{tiuri1984complex,
	title={The complex dielectric constant of snow at microwave frequencies},
	author={Tiuri, Martti E and Sihvola, Ari H and Nyfors, Ebbe G and Hallikaiken, Martti T},
	journal={Oceanic Engineering, IEEE Journal of},
	volume={9},
	number={5},
	pages={377--382},
	year={1984},
	publisher={IEEE}
}

@article{stiles1981dielectric,
	title={Dielectric properties of snow},
	author={Stiles, WH and Ulaby, FT},
	year={1981}
}

@article{bhattacharya2015adaptive,
	title={An Adaptive General Four-Component Scattering Power Decomposition With Unitary Transformation of Coherency Matrix (AG4U)},
	author={Bhattacharya, Avik and Singh, Gulab and Manickam, Surendar and Yamaguchi, Yoshio},
	journal={IEEE Geoscience and Remote Sensing Letters},
	volume={12},
	number={10},
	pages={2110--2114},
	year={2015},
	publisher={IEEE}
}

@article{barakat1983n,
	title={n-fold polarization measures and associated thermodynamic entropy of N partially coherent pencils of radiation},
	author={Barakat, Richard},
	journal={Journal of Modern Optics},
	volume={30},
	number={8},
	pages={1171--1182},
	year={1983},
	publisher={Taylor \& Francis}
}

@article{bolch2012state,
	title={The state and fate of Himalayan glaciers},
	author={Bolch, Tobias and Kulkarni, Anil and K{\"a}{\"a}b, Andreas and Huggel, Christian and Paul, Frank and Cogley, JG and Frey, Holger and Kargel, Jeffrey S and Fujita, Koji and Scheel, Marlene and others},
	journal={Science},
	volume={336},
	number={6079},
	pages={310--314},
	year={2012},
	publisher={American Association for the Advancement of Science}
}


@phdthesis{lavalle2009full,
	title={Full and compact polarimetric radar interferometry for vegetation remote sensing},
	author={Lavalle, Marco},
	year={2009},
	school={Universit{\'e} Rennes 1}
}

@article{souyris2005compact,
	title={Compact polarimetry based on symmetry properties of geophysical media: The $\pi$/4 mode},
	author={Souyris, J-C and Imbo, Patrick and Fjortoft, R and Mingot, Sandra and Lee, Jong-Sen},
	journal={IEEE Transactions on Geoscience and Remote Sensing},
	volume={43},
	number={3},
	pages={634--646},
	year={2005},
	publisher={IEEE}
}

@article{raney2007hybrid,
	title={Hybrid-polarity SAR architecture},
	author={Raney, R Keith},
	journal={IEEE Transactions on Geoscience and Remote Sensing},
	volume={45},
	number={11},
	pages={3397--3404},
	year={2007},
	publisher={IEEE}
}

@article{ainsworth2009classification,
	title={Classification comparisons between dual-pol, compact polarimetric and quad-pol SAR imagery},
	author={Ainsworth, TL and Kelly, JP and Lee, J-S},
	journal={ISPRS Journal of Photogrammetry and Remote Sensing},
	volume={64},
	number={5},
	pages={464--471},
	year={2009},
	publisher={Elsevier}
}

@article{nord2009comparison,
	title={Comparison of compact polarimetric synthetic aperture radar modes},
	author={Nord, Michael E and Ainsworth, Thomas L and Lee, Jong-Sen and Stacy, Nick JS},
	journal={IEEE Transactions on Geoscience and Remote Sensing},
	volume={47},
	number={1},
	pages={174--188},
	year={2009},
	publisher={IEEE}
}

@article{nghiem1992symmetry,
	title={Symmetry properties in polarimetric remote sensing},
	author={Nghiem, SV and Yueh, SH and Kwok, R and Li, FK},
	journal={Radio Science},
	volume={27},
	number={5},
	pages={693--711},
	year={1992}
}

@article{hall1995development,
	title={Development of methods for mapping global snow cover using moderate resolution imaging spectroradiometer data},
	author={Hall, Dorothy K and Riggs, George A and Salomonson, Vincent V},
	journal={Remote sensing of Environment},
	volume={54},
	number={2},
	pages={127--140},
	year={1995},
	publisher={Elsevier}
}

@article{jagdhuber2014identification,
	title={Identification of soil freezing and thawing states using SAR polarimetry at C-Band},
	author={Jagdhuber, Thomas and Stockamp, Julia and Hajnsek, Irena and Ludwig, Ralf},
	journal={Remote Sensing},
	volume={6},
	number={3},
	pages={2008--2023},
	year={2014},
	publisher={Multidisciplinary Digital Publishing Institute}
}

@article{jin2010polarimetric,
	title={Polarimetric scattering modeling and information retrieval of SAR remote sensing---A review of FDU work},
	author={Jin, Ya-Qiu},
	journal={Progress In Electromagnetics Research},
	volume={104},
	pages={333--384},
	year={2010},
	publisher={EMW Publishing}
}

@article{tiuri1984complex,
	title={The complex dielectric constant of snow at microwave frequencies},
	author={Tiuri, M and Sihvola, A and Nyfors, E and Hallikaiken, M},
	journal={IEEE Journal of Oceanic Engineering},
	volume={9},
	number={5},
	pages={377--382},
	year={1984},
	publisher={IEEE}
}

@article{hallikainen1986dielectric,
	title={Dielectric properties of snow in the 3 to 37 GHz range},
	author={Hallikainen, Martti and Ulaby, F and Abdelrazik, Mohamed},
	journal={IEEE transactions on Antennas and Propagation},
	volume={34},
	number={11},
	pages={1329--1340},
	year={1986},
	publisher={IEEE}
}

@article{hallikainen1989microwave,
	title={Microwave radiometry of snow},
	author={Hallikainen, Martti T},
	journal={Advances in Space Research},
	volume={9},
	number={1},
	pages={267--275},
	year={1989},
	publisher={Elsevier}
}

@inproceedings{shi1997mapping,
	title={Mapping snow cover with repeat pass synthetic aperture radar},
	author={Shi, Jiancheng and Hensley, Scott and Dozier, Jeff},
	booktitle={Geoscience and Remote Sensing, 1997. IGARSS'97. Remote Sensing-A Scientific Vision for Sustainable Development., 1997 IEEE International},
	volume={2},
	pages={628--630},
	year={1997},
	organization={IEEE}
}

@inproceedings{strozzi1998using,
	title={Using repeat-pass SAR interferometry for mapping wet snowcovers},
	author={Strozzi, Tazio and Wegmuller, U and Matzler, C},
	booktitle={Geoscience and Remote Sensing Symposium Proceedings, 1998. IGARSS'98. 1998 IEEE International},
	volume={3},
	pages={1650--1652},
	year={1998},
	organization={IEEE}
}

@inproceedings{caves1998role,
	title={The role of Earth Observation in snowmelt runoff monitoring from high latitude basins: SAR aspects},
	author={Caves, R and Turpin, O and Nagler, T and Miller, D},
	booktitle={Geoscience and Remote Sensing Symposium Proceedings, 1998. IGARSS'98. 1998 IEEE International},
	volume={4},
	pages={1858--1860},
	year={1998},
	organization={IEEE}
}

@article{rau2000monitoring,
	title={Monitoring multi-year snow cover dynamics on the Antarctic Peninsula using SAR imagery},
	author={Rau, Frank and Braun, Matthias and Saurer, Helmut and Go{\ss}mann, Hermann and Kothe, Gunnar and Weber, Frank and Ebel, Martin and Beppler, Dirk},
	journal={Polarforschung},
	volume={67},
	number={1/2},
	pages={27--40},
	year={2000},
	publisher={Alfred Wegener Institute for Polar and Marine Research \& German Society of Polar Research}
}

@article{guneriussen2001insar,
	title={InSAR for estimation of changes in snow water equivalent of dry snow},
	author={Guneriussen, Tore and Hogda, Kjell Arild and Johnsen, Harald and Lauknes, Inge},
	journal={IEEE Transactions on Geoscience and Remote Sensing},
	volume={39},
	number={10},
	pages={2101--2108},
	year={2001},
	publisher={IEEE}
}

@inproceedings{martini2004snow,
	title={Snow extent discrimination in alpine areas from polarimetric and multi-frequency SAR data},
	author={Martini, Audrey and Ferro-Famil, Laurent and Pottier, Eric},
	booktitle={Proceeding of EUSAR},
	year={2004}
}

@article{singh2014categorization,
	title={Categorization of the Glaciated Terrain of Indian Himalaya using CP and FP mode SAR},
	author={Singh, Gulab and Yamaguchi, Yoshio and Park, Sang-Eun and Boerner, Wolfgang-Martin and Cui, Yi and Venkataraman, Gopalan},
	journal={IEEE Journal of Selected Topics in Applied Earth Observations and Remote Sensing},
	volume={7},
	number={3},
	pages={872--880},
	year={2014},
	publisher={IEEE}
}

@article{singh2014capability,
	title={Capability Assessment of Fully Polarimetric ALOS--PALSAR data for Discriminating Wet Snow from Other Scattering Types in Mountainous Regions},
	author={Singh, Gulab and Venkataraman, Gopalan and Yamaguchi, Yoshio and Park, Sang-Eun},
	journal={IEEE Transactions on Geoscience and Remote Sensing},
	volume={52},
	number={2},
	pages={1177--1196},
	year={2014},
	publisher={IEEE}
}

@inproceedings{venkataraman2008snow,
	title={Snow cover area monitoring using multitemporal TerraSAR-X data},
	author={Venkataraman, G and Singh, G and Kumar, V},
	booktitle={Third TerraSAR-X Science Team Meeting, DLR, Germany},
	year={2008}
}

@inproceedings{low2002land,
	title={LAND USE DEPENDENT SNOW COVER RETRIEVAL USING MULTITEMPORAL, MULTISENSORAL SAR-IMAGES TO DRIVE OP-ERATIONAL FLOOD FORECASTING MODELS},
	author={L{\"o}w, A and Ludwig, R and Mauser, W},
	booktitle={Proceedings of EARSeL-LISSIG-Workshop Observing our Cryosphere from Space},
	volume={129},
	year={2002}
}

@article{rott1993multifrequency,
	title={Multifrequency and polarimetric SAR observations on alpine glaciers},
	author={Rott, Helmut and Davis, Robert E},
	journal={Annals of Glaciology},
	volume={17},
	number={1},
	pages={98--104},
	year={1993},
	publisher={International Glaciological Society}
}

@article{rignot1994monitoring,
	title={Monitoring freeze—thaw cycles along North—South Alaskan transects using ERS-1 SAR},
	author={Rignot, Eric and Way, Jo Bea},
	journal={Remote Sensing of Environment},
	volume={49},
	number={2},
	pages={131--137},
	year={1994},
	publisher={Elsevier}
}

@article{shi1994snow,
	title={Snow mapping in alpine regions with synthetic aperture radar},
	author={Shi, Jiancheng and Dozier, Jeff and Rott, Helmut},
	journal={IEEE Transactions on Geoscience and Remote Sensing},
	volume={32},
	number={1},
	pages={152--158},
	year={1994},
	publisher={IEEE}
}

@inproceedings{rott1995monitoring,
	title={Monitoring temporal dynamics of snowmelt with ERS-1 SAR},
	author={Rott, Helmut and Nagler, Thomas},
	booktitle={Geoscience and Remote Sensing Symposium, 1995. IGARSS'95.'Quantitative Remote Sensing for Science and Applications', International},
	volume={3},
	pages={1747--1749},
	year={1995},
	organization={IEEE}
}

@inproceedings{piesbergen1995snow,
	title={Snow cover monitoring using multitemporal ERS-1 SAR data},
	author={Piesbergen, Jens and Holecz, Francesco and Haefner, Harold},
	booktitle={Geoscience and Remote Sensing Symposium, 1995. IGARSS'95.'Quantitative Remote Sensing for Science and Applications', International},
	volume={3},
	pages={1750--1752},
	year={1995},
	organization={IEEE}
}

@inproceedings{shi1997mapping,
	title={Mapping snow cover with repeat pass synthetic aperture radar},
	author={Shi, Jiancheng and Hensley, Scott and Dozier, Jeff},
	booktitle={Geoscience and Remote Sensing, 1997. IGARSS'97. Remote Sensing-A Scientific Vision for Sustainable Development., 1997 IEEE International},
	volume={2},
	pages={628--630},
	year={1997},
	organization={IEEE}
}

@inproceedings{strozzi1998using,
	title={Using repeat-pass SAR interferometry for mapping wet snowcovers},
	author={Strozzi, Tazio and Wegmuller, U and Matzler, C},
	booktitle={Geoscience and Remote Sensing Symposium Proceedings, 1998. IGARSS'98. 1998 IEEE International},
	volume={3},
	pages={1650--1652},
	year={1998},
	organization={IEEE}
}

@article{rau2000monitoring,
	title={Monitoring multi-year snow cover dynamics on the Antarctic Peninsula using SAR imagery},
	author={Rau, Frank and Braun, Matthias and Saurer, Helmut and Go{\ss}mann, Hermann and Kothe, Gunnar and Weber, Frank and Ebel, Martin and Beppler, Dirk},
	journal={Polarforschung},
	volume={67},
	number={1/2},
	pages={27--40},
	year={2000},
	publisher={Alfred Wegener Institute for Polar and Marine Research \& German Society of Polar Research}
}

@inproceedings{martini2004snow,
	title={Snow extent discrimination in alpine areas from polarimetric and multi-frequency SAR data},
	author={Martini, Audrey and Ferro-Famil, Laurent and Pottier, Eric},
	booktitle={Proceeding of EUSAR},
	year={2004}
}

@article{raney2016comparing,
	title={Comparing Compact and Quadrature Polarimetric SAR Performance},
	author={Raney, RK},
	journal={IEEE Geoscience and Remote Sensing Letters},
	volume={13},
	number={6},
	pages={861--864},
	year={2016},
	publisher={IEEE}
}

@article{boularbah2012investigation,
	title={Investigation of the capability of the compact polarimetry mode to reconstruct full polarimetry mode using RADARSAT2 data},
	author={Boularbah, Souissi and Ouarzeddine, Mounira and Belhadj-Aissa, Aichouche},
	journal={Advanced Electromagnetics},
	volume={1},
	number={1},
	pages={19--28},
	year={2012}
}

@inproceedings{souyris2007sar,
	title={SAR compact polarimetry (CP) for earth observation and planetology: Concept and challenges},
	author={Souyris, Jean-claude and Stacy, Nick and Ainsworth, Tom and Lee, Jong-Sen and Dubois-Fernandez, Pascale},
	booktitle={Proc. PolInSAR},
	pages={22--26},
	year={2007}
}

@article{le1992relating,
	title={Relating forest biomass to SAR data},
	author={Le Toan, Thuy and Beaudoin, Andr{\'e} and Riom, J and Guyon, Dominique},
	journal={IEEE Transactions on Geoscience and Remote Sensing},
	volume={30},
	number={2},
	pages={403--411},
	year={1992},
	publisher={IEEE}
}

@article{jin2010polarimetric,
	title={Polarimetric scattering modeling and information retrieval of SAR remote sensing---A review of FDU work},
	author={Jin, Ya-Qiu},
	journal={Progress In Electromagnetics Research},
	volume={104},
	pages={333--384},
	year={2010},
	publisher={EMW Publishing}
}

@article{raney2016comparing,
	title={Comparing Compact and Quadrature Polarimetric SAR Performance},
	author={Raney, RK},
	journal={IEEE Geoscience and Remote Sensing Letters},
	volume={13},
	number={6},
	pages={861--864},
	year={2016},
	publisher={IEEE}
}

@article{dubois2008compact,
	title={The compact polarimetry alternative for spaceborne SAR at low frequency},
	author={Dubois-Fernandez, Pascale C and Souyris, Jean-Claude and Angelliaume, S{\'e}bastien and Garestier, Franck},
	journal={IEEE Transactions on Geoscience and Remote Sensing},
	volume={46},
	number={10},
	pages={3208--3222},
	year={2008},
	publisher={IEEE}
}

@article{singh2014categorization,
	title={Categorization of the Glaciated Terrain of Indian Himalaya using CP and FP mode SAR},
	author={Singh, Gulab and Yamaguchi, Yoshio and Park, Sang-Eun and Boerner, Wolfgang-Martin and Cui, Yi and Venkataraman, Gopalan},
	journal={IEEE Journal of Selected Topics in Applied Earth Observations and Remote Sensing},
	volume={7},
	number={3},
	pages={872--880},
	year={2014},
	publisher={IEEE}
}

@article{rott1987possibilities,
	title={Possibilities and limits of synthetic aperture radar for snow and glacier surveying},
	author={Rott, Helmut and M{\"a}tzler, C},
	journal={Annals of Glaciology},
	volume={9},
	pages={195--199},
	year={1987}
}

@article{raney2011perspective,
	title={A perspective on compact polarimetry},
	author={Raney, RK},
	journal={IEEE Geosci. Remote Sens. Newslett},
	volume={160},
	number={160},
	pages={12--18},
	year={2011}
}

@article{bolch2012state,
  title={The state and fate of Himalayan glaciers},
  author={Bolch, Tobias and Kulkarni, Anil and K{\"a}{\"a}b, Andreas and Huggel, Christian and Paul, Frank and Cogley, J Graham and Frey, Holger and Kargel, Jeffrey S and Fujita, Koji and Scheel, Marlene and others},
  journal={Science},
  volume={336},
  number={6079},
  pages={310--314},
  year={2012},
  publisher={American Association for the Advancement of Science}
}

@article{bamber2012climate,
  title={Climate change: Shrinking glaciers under scrutiny},
  author={Bamber, Jonathan},
  journal={Nature},
  volume={482},
  number={7386},
  pages={482--483},
  year={2012},
  publisher={Nature Publishing Group}
}


@article{immerzeel2010climate,
  title={Climate change will affect the Asian water towers},
  author={Immerzeel, Walter W and Van Beek, Ludovicus PH and Bierkens, Marc FP},
  journal={Science},
  volume={328},
  number={5984},
  pages={1382--1385},
  year={2010},
  publisher={American Association for the Advancement of Science}
}

@inproceedings{kargel2009satellite,
  title={Satellite-era glacier changes in High Asia},
  author={Kargel, JS and Armstrong, R and Arnaud, Y and Bajracharya, S and Berthier, E and Bishop, MP and Bolch, T and Bush, A and Cogley, G and Fujita, K and others},
  booktitle={Background support presentation for NASA “Black Carbon and Aerosols” press conference associated with Fall AGU},
  year={2009}
}


@article{helmut1992polarimetric,
  title={Polarimetric and multifrequency SAR signatures of wet snow},
  author={Helmut Rott, Robert E. Davis, and Jeff Dozier},
  booktitle={Geoscience and Remote Sensing Symposium, 1992. IGARSS'92. 1992 IEEE International},
	pages={1658--1660},
  year={1992}
}


@article{zebker1987imaging,
  title={Imaging radar polarimetry from wave synthesis},
  author={Zebker, Howard A and Zyl, Jakob J and Held, Daniel N},
  journal={Journal of Geophysical Research: Solid Earth},
  volume={92},
  number={B1},
  pages={683--701},
  year={1987},
  publisher={Wiley Online Library}
}


@inproceedings{martini2004snow,
  title={Snow extent discrimination in alpine areas from polarimetric and multi-frequency SAR data},
  author={Martini, Audrey and Ferro-Famil, Laurent and Pottier, Eric},
  booktitle={Proc. EUSAR},
  year={2004}
}



@article{martini2006dry,
  title={Dry snow discrimination in alpine areas from multi-frequency and multi-temporal SAR data},
  author={Martini, Audrey and Ferro-Famil, Laurent and Pottier, Eric and Dedieu, J-P},
  journal={IEE Proceedings-Radar, Sonar and Navigation},
  volume={153},
  number={3},
  pages={271--278},
  year={2006},
  publisher={IET}
}


@article{usami2016polsar,
  title={PolSAR Wet Snow Mapping With Incidence Angle Information},
  author={Usami, Naoto and Muhuri, Arnab and Bhattacharya, Avik and Hirose, Akira},
  journal={IEEE Geoscience and Remote Sensing Letters},
  volume={13},
  number={12},
  pages={2029--2033},
  year={2016},
  publisher={IEEE}
}



@article{umbanhowar2008effects,
  title={Effects of freezing on Young’s modulus for twigs of coniferous and deciduous trees and shrubs},
  author={Umbanhowar, Charles E and Lambert, Allison M and VanDelinder, Lindsay},
  journal={Canadian journal of forest research},
  volume={38},
  number={2},
  pages={394--399},
  year={2008},
  publisher={NRC Research Press}
}

@article{pearce2001plant,
  title={Plant freezing and damage},
  author={Pearce, Roger S},
  journal={Annals of Botany},
  volume={87},
  number={4},
  pages={417--424},
  year={2001},
  publisher={Annals Botany Co}
}


@article{sakai1983comparative,
  title={Comparative study on freezing resistance of conifers with special reference to cold adaptation and its evolutive aspects},
  author={Sakai, A},
  journal={Canadian Journal of Botany},
  volume={61},
  number={9},
  pages={2323--2332},
  year={1983},
  publisher={NRC Research Press}
}


@article{longepe2009snowpack,
  title={Snowpack characterization in mountainous regions using C-band SAR data and a meteorological model},
  author={Longepe, Nicolas and Allain, Sophie and Ferro-Famil, Laurent and Pottier, Eric and Durand, Yves},
  journal={IEEE Transactions on Geoscience and Remote Sensing},
  volume={47},
  number={2},
  pages={406--418},
  year={2009},
  publisher={IEEE}
}


@article{ulaby1984snowcover,
  title={Snowcover influence on backscattering from terrain},
  author={Ulaby, Fawwaz T and Stiles, W Herschel and AbdelRazik, Mohamed},
  journal={IEEE Transactions on geoscience and remote sensing},
  number={2},
  pages={126--133},
  year={1984},
  publisher={IEEE}
}


@article{kimball2004radar,
  title={Radar remote sensing of the spring thaw transition across a boreal landscape},
  author={Kimball, JS and McDonald, KC and Frolking, Steve and Running, SW},
  journal={Remote Sensing of Environment},
  volume={89},
  number={2},
  pages={163--175},
  year={2004},
  publisher={Elsevier}
}


@article{frolking1998using,
  title={Using the space-borne NASA scatterometer (NSCAT) to determine the frozen and thawed seasons of a boreal landscape},
  author={Frolking, Steve and McDonald, KC and Kimball, JS and Way, JB and Zimmermann, R and Running, SW},
  year={1998}
}


@article{bengtsson1982percolation,
  title={Percolation of meltwater through a snowpack},
  author={Bengtsson, Lars},
  journal={Cold regions science and technology},
  volume={6},
  number={1},
  pages={73--81},
  year={1982},
  publisher={Elsevier}
}


@article{marshall1999snow,
  title={Snow densification during rain},
  author={Marshall, HP and Conway, H and Rasmussen, LA},
  journal={Cold Regions Science and Technology},
  volume={30},
  number={1},
  pages={35--41},
  year={1999},
  publisher={Elsevier}
}



@article{schmidt1990bending,
  title={Bending of a conifer branch at subfreezing temperatures: implications for snow interception},
  author={Schmidt, RA and Pomeroy, JW},
  journal={Canadian Journal of Forest Research},
  volume={20},
  number={8},
  pages={1251--1253},
  year={1990},
  publisher={NRC Research Press}
}



@article{matzler1987applications,
  title={Applications of the interaction of microwaves with the natural snow cover},
  author={M{\"a}tzler, Christian},
  journal={Remote sensing reviews},
  volume={2},
  number={2},
  pages={259--387},
  year={1987},
  publisher={Taylor \& Francis}
}



@article{balzter2002retrieval,
  title={Retrieval of timber volume and snow water equivalent over a Finnish boreal forest from airborne polarimetric Synthetic Aperture Radar},
  author={Balzter, Heiko and Baker, John R and Hallikainen, Martti and Tomppo, Erkki},
  journal={International Journal of Remote Sensing},
  volume={23},
  number={16},
  pages={3185--3208},
  year={2002},
  publisher={Taylor \& Francis}
}

@article{freeze,
  title={Monitoring freeze—thaw cycles along North—South Alaskan transects using ERS-1 SAR},
  author={Rignot, Eric and Way, Jo Bea},
  journal={Remote Sensing of Environment},
  volume={49},
  number={2},
  pages={131--137},
  year={1994},
  publisher={Elsevier}
}

@article{wakahama1968metamorphism,
  title={The metamorphism of wet snow},
  author={Wakahama, Gorow},
  journal={IAHS Publication},
  volume={79},
  pages={370--379},
  year={1968}
}

@article{monitoring,
  title={Monitoring of environmental conditions in taiga forests using ERS-1 SAR},
  author={Rignot, Eric and Way, Jo Bea and McDonald, Kyle and Viereck, Leslie and Williams, Cynthia and Adams, Phyllis and Payne, Cheryl and Wood, William and Shi, Jiancheng},
  journal={Remote Sensing of Environment},
  volume={49},
  number={2},
  pages={145--154},
  year={1994},
  publisher={Elsevier}
}


@article{thakur2013snow,
  title={Snow cover area mapping using synthetic aperture radar in Manali Watershed of Beas River in the Northwest Himalayas},
  author={Thakur, Praveen K and Garg, Pradeep K and Aggarwal, Shiv P and Garg, Rahul D and Mani, Sneh},
  journal={Journal of the Indian Society of Remote Sensing},
  volume={41},
  number={4},
  pages={933--945},
  year={2013},
  publisher={Springer}
}


@article{strozzi1998backscattering,
  title={Backscattering measurements of alpine snowcovers at 5.3 and 35 GHz},
  author={Strozzi, Tazio and Matzler, Christian},
  journal={IEEE Transactions on Geoscience and Remote Sensing},
  volume={36},
  number={3},
  pages={838--848},
  year={1998},
  publisher={IEEE}
}


@article{bernier1998potential,
  title={The potential of times series of C-band SAR data to monitor dry and shallow snow cover},
  author={Bernier, Monique and Fortin, J-P},
  journal={IEEE Transactions on Geoscience and Remote Sensing},
  volume={36},
  number={1},
  pages={226--243},
  year={1998},
  publisher={IEEE}
}


@inproceedings{yu2004modeling,
  title={Modeling of snow wetness inversion using multi-polarization SAR at C-Band},
  author={Yu, Qin and Shi, Jiancheng and Shao, Yun and Liu, Wei},
  booktitle={Geoscience and Remote Sensing Symposium, 2004. IGARSS'04. Proceedings. 2004 IEEE International},
  volume={6},
  pages={3696--3699},
  year={2004},
  organization={Ieee}
}


@article{matzler1999extension,
  title={Extension of the microwave emission model of layered snowpacks to coarse-grained snow},
  author={M{\"a}tzler, Christian and Wiesmann, Andreas},
  journal={Remote Sensing of Environment},
  volume={70},
  number={3},
  pages={317--325},
  year={1999},
  publisher={Elsevier}
}


@article{running1999radar,
  title={Radar remote sensing proposed for monitoring freeze-thaw transitions in boreal regions},
  author={Running, SW and Way, JB and McDonald, KC and Kimball, JS and Frolking, Steve and Keyser, AR and Zimmerman, R},
  journal={Eos, Transactions American Geophysical Union},
  volume={80},
  number={19},
  pages={213--221},
  year={1999},
  publisher={Wiley Online Library}
}


@article{koskinen1997use,
  title={The use of ERS-1 SAR data in snow melt monitoring},
  author={Koskinen, Jarkko T and Pulliainen, Jouni T and Hallikainen, Martti T},
  journal={IEEE Transactions on geoscience and remote sensing},
  volume={35},
  number={3},
  pages={601--610},
  year={1997},
  publisher={IEEE}
}



@article{jagdhuber2014identification,
  title={Identification of soil freezing and thawing states using SAR polarimetry at C-Band},
  author={Jagdhuber, Thomas and Stockamp, Julia and Hajnsek, Irena and Ludwig, Ralf},
  journal={Remote Sensing},
  volume={6},
  number={3},
  pages={2008--2023},
  year={2014},
  publisher={Multidisciplinary Digital Publishing Institute}
}


@article{wismann2000monitoring,
  title={Monitoring of seasonal snowmelt on Greenland with ERS scatterometer data},
  author={Wismann, Volkmar},
  journal={IEEE Transactions on Geoscience and Remote Sensing},
  volume={38},
  number={4},
  pages={1821--1826},
  year={2000},
  publisher={IEEE}
}


@article{tad1990analysis,
  title={Analysis and modeling of melt-water refreezing in dry snow},
  author={Tad Pfeffer, W and Illangasekare, Tissa H and Meier, Mark F},
  journal={Journal of Glaciology},
  volume={36},
  number={123},
  pages={238--246},
  year={1990},
  publisher={International Glaciological Society}
}



@article{park2014polarimetric,
  title={Polarimetric SAR response of snow-covered area observed by multi-temporal ALOS PALSAR fully polarimetric mode},
  author={Park, Sang-Eun and Yamaguchi, Yoshio and Singh, Gulab and Yamaguchi, Satoru and Whitaker, Andrew C},
  journal={IEEE Transactions on Geoscience and Remote Sensing},
  volume={52},
  number={1},
  pages={329--340},
  year={2014},
  publisher={IEEE}
}


@article{besic2015polarimetric,
  title={Polarimetric incoherent target decomposition by means of independent component analysis},
  author={Besic, Nikola and Vasile, Gabriel and Chanussot, Jocelyn and Stankovic, Srdjan},
  journal={IEEE Transactions on Geoscience and Remote Sensing},
  volume={53},
  number={3},
  pages={1236--1247},
  year={2015},
  publisher={IEEE}
}


@article{van2011model,
  title={Model-based decomposition of polarimetric SAR covariance matrices constrained for nonnegative eigenvalues},
  author={van Zyl, Jakob J and Arii, Motofumi and Kim, Yunjin},
  journal={IEEE Transactions on Geoscience and Remote Sensing},
  volume={49},
  number={9},
  pages={3452--3459},
  year={2011},
  publisher={IEEE}
}


@article{dozier1989estimation,
  title={Estimation of properties of alpine snow from landsat thematic mapper},
  author={Dozier, Jeff},
  journal={Advances in space Research},
  volume={9},
  number={1},
  pages={207--215},
  year={1989},
  publisher={Elsevier}
}


@incollection{hall2011normalized,
  title={Normalized-Difference Snow Index (NDSI)},
  author={Hall, Dorothy K and Riggs, George A},
  booktitle={Encyclopedia of Snow, Ice and Glaciers},
  pages={779--780},
  year={2011},
  publisher={Springer}
}


@article{farr2007shuttle,
  title={The shuttle radar topography mission},
  author={Farr, Tom G and Rosen, Paul A and Caro, Edward and Crippen, Robert and Duren, Riley and Hensley, Scott and Kobrick, Michael and Paller, Mimi and Rodriguez, Ernesto and Roth, Ladislav and others},
  journal={Reviews of geophysics},
  volume={45},
  number={2},
  year={2007},
  publisher={Wiley Online Library}
}


@article{colbeck1979sintering,
  title={Sintering and compaction of snow containing liquid water},
  author={Colbeck, SC},
  journal={Philosophical Magazine A},
  volume={39},
  number={1},
  pages={13--32},
  year={1979},
  publisher={Taylor \& Francis}
}


@article{wismann2000monitoring,
  title={Monitoring of seasonal snowmelt on Greenland with ERS scatterometer data},
  author={Wismann, Volkmar},
  journal={IEEE Transactions on Geoscience and Remote Sensing},
  volume={38},
  number={4},
  pages={1821--1826},
  year={2000},
  publisher={IEEE}
}


@article{colbeck1986classification,
  title={Classification of seasonal snow cover crystals},
  author={Colbeck, SC},
  journal={Water Resources Research},
  volume={22},
  number={9S},
  year={1986},
  publisher={Wiley Online Library}
}


@article{naeimi2012ascat,
  title={ASCAT Surface State Flag (SSF): Extracting information on surface freeze/thaw conditions from backscatter data using an empirical threshold-analysis algorithm},
  author={Naeimi, Vahid and Paulik, Christoph and Bartsch, Annett and Wagner, Wolfgang and Kidd, Richard and Park, Sang-Eun and Elger, Kirsten and Boike, Julia},
  journal={IEEE Transactions on Geoscience and Remote Sensing},
  volume={50},
  number={7},
  pages={2566--2582},
  year={2012},
  publisher={IEEE}
}


@article{bartsch2007temporal,
  title={Temporal and spatial variability of the beginning and end of daily spring freeze/thaw cycles derived from scatterometer data},
  author={Bartsch, Annett and Kidd, Richard A and Wagner, Wolfgang and Bartalis, Zoltan},
  journal={Remote Sensing of Environment},
  volume={106},
  number={3},
  pages={360--374},
  year={2007},
  publisher={Elsevier}
}


@article{park2007unsupervised,
  title={Unsupervised classification of scattering mechanisms in polarimetric SAR data using fuzzy logic in entropy and alpha plane},
  author={Park, Sang-Eun and Moon, Wooil M},
  journal={IEEE Transactions on Geoscience and Remote Sensing},
  volume={45},
  number={8},
  pages={2652--2664},
  year={2007},
  publisher={IEEE}
}


@inproceedings{dedieu2014dry,
  title={Dry snow analysis in alpine regions using RADARSAT-2 full polarimetry data. Comparison with in situ measurements},
  author={Dedieu, J-P and Besic, Nikola and Vasile, Gabriel and Mathieu, J and Durand, Yves and Gottardi, Frederic},
  booktitle={Geoscience and Remote Sensing Symposium (IGARSS), 2014 IEEE International},
  pages={3658--3661},
  year={2014},
  organization={IEEE}
}


@inproceedings{besic2012stochastically,
  title={Stochastically based wet snow mapping with sar data},
  author={Besic, Nikola and Vasile, Gabriel and Chanussot, Jocelyn and Stankovic, Srdjan and Ovarlez, J-P and d'Urso, Guy and Boldo, Didier and Dedieu, J-P},
  booktitle={Geoscience and Remote Sensing Symposium (IGARSS), 2012 IEEE International},
  pages={4859--4862},
  year={2012},
  organization={IEEE}
}



@inproceedings{dobson1990effects,
  title={Effects of temperature on radar backscatter from boreal forests},
  author={Dobson, M Craig and McDonald, K and Ulaby, FT and Way, JoBea},
  booktitle={Geoscience and Remote Sensing Symposium, 1990. IGARSS'90.'Remote Sensing Science for the Nineties'., 10th Annual International},
  pages={2481--2484},
  year={1990},
  organization={IEEE}
}


@inproceedings{shi1993deriving,
  title={Deriving snow liquid water content using C-band polarimetric SAR},
  author={Shi, Jiancheng and Dozier, Jeff and Rott, Helmut},
  booktitle={Geoscience and Remote Sensing Symposium, 1993. IGARSS'93. Better Understanding of Earth Environment., International},
  pages={1038--1041},
  year={1993},
  organization={IEEE}
}


@article{bernier1998potential,
  title={The potential of times series of C-band SAR data to monitor dry and shallow snow cover},
  author={Bernier, Monique and Fortin, J-P},
  journal={IEEE Transactions on Geoscience and Remote Sensing},
  volume={36},
  number={1},
  pages={226--243},
  year={1998},
  publisher={IEEE}
}

@article{tad1990analysis,
  title={Analysis and modeling of melt-water refreezing in dry snow},
  author={Tad Pfeffer, W and Illangasekare, Tissa H and Meier, Mark F},
  journal={Journal of Glaciology},
  volume={36},
  number={123},
  pages={238--246},
  year={1990},
  publisher={International Glaciological Society}
}


@article{matzler1982towards,
  title={Towards the definition of optimum sensor specifications for microwave remote sensing of snow},
  author={Matzler, Christian and Schanda, Erwin and Good, Walter},
  journal={IEEE Transactions on Geoscience and Remote Sensing},
  number={1},
  pages={57--66},
  year={1982},
  publisher={IEEE}
}


@article{hallikainen1987extinction,
  title={Extinction behavior of dry snow in the 18-to 90-GHz range},
  author={Hallikainen, Martti T and Ulaby, Fawwaz T and Van Deventer, Tahera Emille},
  journal={IEEE Transactions on Geoscience and Remote Sensing},
  number={6},
  pages={737--745},
  year={1987},
  publisher={IEEE}
}


@article{park2015variations,
  title={Variations of Microwave Scattering Properties by Seasonal Freeze/Thaw Transition in the Permafrost Active Layer Observed by ALOS PALSAR Polarimetric Data},
  author={Park, Sang-Eun},
  journal={Remote Sensing},
  volume={7},
  number={12},
  pages={17135--17148},
  year={2015},
  publisher={Multidisciplinary Digital Publishing Institute}
}


@article{tiuri1982theoretical,
  title={Theoretical and experimental studies of microwave emission signatures of snow},
  author={Tiuri, Martti E},
  journal={IEEE Transactions on Geoscience and Remote Sensing},
  number={1},
  pages={51--57},
  year={1982},
  publisher={IEEE}
}


@article{matzler1996microwave,
  title={Microwave permittivity of dry snow},
  author={Matzler, Christian},
  journal={IEEE Transactions on Geoscience and Remote Sensing},
  volume={34},
  number={2},
  pages={573--581},
  year={1996},
  publisher={IEEE}
}


@article{cumming1952dielectric,
  title={The dielectric properties of ice and snow at 3.2 centimeters},
  author={Cumming, WA},
  journal={Journal of Applied Physics},
  volume={23},
  number={7},
  pages={768--773},
  year={1952},
  publisher={AIP}
}


@inproceedings{caves1998role,
  title={The role of Earth Observation in snowmelt runoff monitoring from high latitude basins: SAR aspects},
  author={Caves, R and Turpin, O and Nagler, T and Miller, D},
  booktitle={Geoscience and Remote Sensing Symposium Proceedings, 1998. IGARSS'98. 1998 IEEE International},
  volume={4},
  pages={1858--1860},
  year={1998},
  organization={IEEE}
}


@inproceedings{shi1997effects,
  title={Effects of large structure in wet snow cover on SAR measurements},
  author={Shi, Jiancheng and Kattlemann, Rich and Dozier, Jeff},
  booktitle={Geoscience and Remote Sensing, 1997. IGARSS'97. Remote Sensing-A Scientific Vision for Sustainable Development., 1997 IEEE International},
  volume={4},
  pages={1451--1453},
  year={1997},
  organization={IEEE}
}


@article{baghdadi1997capability,
  title={Capability of multitemporal ERS-1 SAR data for wet-snow mapping},
  author={Baghdadi, N{\'e}hm{\'e} and Gauthier, Yves and Bernier, Monique},
  journal={Remote sensing of environment},
  volume={60},
  number={2},
  pages={174--186},
  year={1997},
  publisher={Elsevier}
}


@inproceedings{ainsworth2000multi,
  title={Multi-frequency polarimetric SAR data analysis of ocean surface features},
  author={Ainsworth, TL and Lee, JS and Schuler, DL},
  booktitle={Geoscience and Remote Sensing Symposium, 2000. Proceedings. IGARSS 2000. IEEE 2000 International},
  volume={3},
  pages={1113--1115},
  year={2000},
  organization={IEEE}
}


@article{selkowitz2016automated,
  title={Automated mapping of persistent ice and snow cover across the western US with Landsat},
  author={Selkowitz, David J and Forster, Richard R},
  journal={ISPRS Journal of Photogrammetry and Remote Sensing},
  volume={117},
  pages={126--140},
  year={2016},
  publisher={Elsevier}
}


@inproceedings{cloude2002unsupervised,
  title={Unsupervised image classification using the entropy/alpha/anisotropy method in radar polarimetry},
  author={Cloude, Shane R and Pottier, Eric and Boerner, Wolfgang M},
  booktitle={NASA-JPL, AIRSAR-02 Workshop},
  pages={04--06},
  year={2002}
}



@article{Gough,
author = {S. R. Gough},
title = {A Low Temperature Dielectric Cell and the Permittivity of Hexagonal Ice to 2â€‚K},
journal = {Canadian Journal of Chemistry},
volume = {50},
number = {18},
pages = {3046-3051},
year = {1972},
doi = {10.1139/v72-483},

URL = { 
        http://dx.doi.org/10.1139/v72-483
    
},
eprint = { 
        http://dx.doi.org/10.1139/v72-483
    
}

}




@article{matzler1987dielectric,
  title={Dielectric properties of freshwater ice at microwave frequencies},
  author={Matzler, Christian and Wegmuller, Urs},
  journal={Journal of Physics D: Applied Physics},
  volume={20},
  number={12},
  pages={1623},
  year={1987},
  publisher={IOP Publishing}
}



@inproceedings{andersen1982operational,
  title={Operational snow mapping by satellites},
  author={Andersen, T},
  booktitle={Hydrological aspects of alpine and high mountain areas, Proceedings of the Exeter symposium},
  pages={149--154},
  year={1982}
}


@article{schmidt1990bending,
  title={Bending of a conifer branch at subfreezing temperatures: implications for snow interception},
  author={Schmidt, RA and Pomeroy, JW},
  journal={Canadian Journal of Forest Research},
  volume={20},
  number={8},
  pages={1251--1253},
  year={1990},
  publisher={NRC Research Press}
}



@inproceedings{pomeroy1993use,
  title={The use of fractal geometry in modeling intercepted snow accumulation and sublimation},
  author={Pomeroy, JW and Schmidt, RA},
  booktitle={Proceedings of the Eastern Snow Conference},
  volume={50},
  pages={1--10},
  year={1993}
}


@article{matzler1987applications,
  title={Applications of the interaction of microwaves with the natural snow cover},
  author={M{\"a}tzler, Christian},
  journal={Remote sensing reviews},
  volume={2},
  number={2},
  pages={259--387},
  year={1987},
  publisher={Taylor \& Francis}
}



@article{yadav2004western,
  title={Do the western Himalayas defy global warming?},
  author={Yadav, Ram R and Park, Won-Kyu and Singh, Jayendra and Dubey, Bhasha},
  journal={Geophysical Research Letters},
  volume={31},
  number={17},
  year={2004},
  publisher={Wiley Online Library}
}



@article{bamber2012climate,
  title={Climate change: Shrinking glaciers under scrutiny},
  author={Bamber, Jonathan},
  journal={Nature},
  volume={482},
  number={7386},
  pages={482--483},
  year={2012},
  publisher={Nature Publishing Group}
}


@article{singh1997hydrological,
  title={Hydrological response of snowpack under rain-on-snow events: a field study},
  author={Singh, P and Spitzbart, G and H{\"u}bl, H and Weinmeister, HW},
  journal={Journal of Hydrology},
  volume={202},
  number={1},
  pages={1--20},
  year={1997},
  publisher={Elsevier}
}



@article{satterlund1967snow,
  title={Snow catch by Contier Crowns},
  author={Satterlund, Donald R and Haupt, Harold F},
  journal={Water Resources Research},
  volume={3},
  number={4},
  pages={1035--1039},
  year={1967},
  publisher={Wiley Online Library}
}
@book{lee2009polarimetric,
  title={Polarimetric radar imaging: from basics to applications},
  author={Lee, Jong-Sen and Pottier, Eric},
  year={2009},
  publisher={CRC press}
}
@ARTICLE{Muhuri_Scattering_Mechanism_2017, 
author={A. Muhuri and S. Manickam and A. Bhattacharya}, 
journal={IEEE Journal of Selected Topics in Applied Earth Observations and Remote Sensing}, 
title={Scattering Mechanism Based Snow Cover Mapping Using {RADARSAT}-2 C-Band Polarimetric {SAR} Data}, 
year={2017}, 
volume={10}, 
number={7}, 
pages={3213-3224}, 
keywords={eigenvalues and eigenfunctions;hydrological techniques;radar imaging;radar polarimetry;remote sensing by radar;snow;synthetic aperture radar;C-band RADARSAT-2 winter-summer image;Himachal Pradesh;India;LANDSAT-8 image;Manali-Dhundi region;NDSI-based snow cover;RADARSAT-2 C-band polarimetric SAR data;Touzi eigenvalue-eigenvector-based decomposition parameter;entropy scattering magnitude;land cover characterization;remotely sensed satellite data;scattering helicity;snow cover mapping;snow-covered area;weather data;winter-summer image pair;Backscatter;Earth;Microwave measurement;Remote sensing;Scattering;Snow;Synthetic aperture radar;Scattering helicity;snow cover mapping;synthetic aperture radar (SAR);target decomposition parameters}, 
doi={10.1109/JSTARS.2017.2681719}, 
ISSN={1939-1404}, 
month={July},}
@ARTICLE{Muhuri_Seasonal_Snow_Cover_2017, 
author={A. Muhuri and D. Ratha and A. Bhattacharya}, 
journal={IEEE Geoscience and Remote Sensing Letters}, 
title={Seasonal Snow Cover Change Detection Over the Indian Himalayas Using Polarimetric {SAR} Images}, 
year={2017}, 
volume={14}, 
number={12}, 
pages={2340-2344}, 
keywords={Artificial satellites;Correlation;Indexes;Observatories;Scattering;Snow;Synthetic aperture radar;Change detection;Himalayas;RADARSAT-2;snow cover mapping;synthetic aperture radar (SAR)}, 
doi={10.1109/LGRS.2017.2764123}, 
ISSN={1545-598X}, 
month={Dec},}
@ARTICLE{Shang_QNN_2014, 
author={F. Shang and A. Hirose}, 
journal={IEEE Transactions on Geoscience and Remote Sensing}, 
title={Quaternion Neural-Network-Based PolSAR Land Classification in Poincare-Sphere-Parameter Space}, 
year={2014}, 
volume={52}, 
number={9}, 
pages={5693-5703}, 
keywords={Poincare mapping;feedforward neural nets;geophysical image processing;image classification;radar imaging;radar polarimetry;synthetic aperture radar;terrain mapping;Poincare sphere parameter space;Stokes vector representation;forest detection;grass detection;lake detection;position vector;quaternion feedforward neural network-based PolSAR land classification;town area deetction;variation vector;Biological neural networks;Feedforward neural networks;Quaternions;Synthetic aperture radar;Poincare sphere parameters;polarimetric synthetic aperture radar (PolSAR) land classification;quaternion neural network}, 
doi={10.1109/TGRS.2013.2291940}, 
ISSN={0196-2892}, 
month={Sept},}

























