@article{Charbonneau2010,
author = {Charbonneau, F. J. and Brisco, B. and Raney, R. K. and McNairn, H. and Liu, C. and Vachon, P. W. and Shang, J. and DeAbreu, R. and Champagne, C. and Merzouki, A. and Geldsetzer, T.},
title = {Compact polarimetry overview and applications assessment},
journal = {Canadian Journal of Remote Sensing},
volume = {36},
number = {S2},
pages = {S298-S315},
year = {2010},
doi = {10.5589/m10-062},

URL = {http://pubs.casi.ca/doi/abs/10.5589/m10-062},
eprint = {http://pubs.casi.ca/doi/pdf/10.5589/m10-062}
}

@ARTICLE{ZEBKER1991,
author={Zebker, H.A. and Van Zyl, J.J.},
journal={Proceedings of the IEEE},
title={Imaging radar polarimetry: a review},
year={1991},
volume={79},
number={11},
pages={1583-1606},
keywords={calibration;electromagnetic wave polarisation;geophysical techniques;polarimetry;remote sensing by radar;calibration;imaging radar polarimetry;polarimetric measurements;remotely sensed data;sensor technology;signal processing;Antenna measurements;Electromagnetic scattering;Instruments;Polarization;Radar antennas;Radar imaging;Radar measurements;Radar polarimetry;Radar scattering;Spaceborne radar},
doi={10.1109/5.118982},
ISSN={0018-9219},}

@ARTICLE{RANEY2007,
author={Raney, R.K.},
journal={Geoscience and Remote Sensing, IEEE Transactions on},
title={Hybrid-Polarity SAR Architecture},
year={2007},
volume={45},
number={11},
pages={3397-3404},
keywords={backscatter;polarisation;radar polarimetry;spaceborne radar;synthetic aperture radar;CL-pol SAR;Stokes parameters;backscattered field;circular polarization;dual polarization;hybrid-polarity SAR architecture;lunar radars;m-delta method;orthogonal polarization basis;polarization transmission;synthetic aperture radar;Calibration;circular polarization;compact polarimetry;decomposition;synthetic aperture radar (SAR)},
doi={10.1109/TGRS.2007.895883},
ISSN={0196-2892},}

@ARTICLE{SOUYRIS2005,
author={Souyris, J-C and Imbo, P. and Fjortoft, R. and Sandra Mingot and Jong-Sen Lee},
journal={Geoscience and Remote Sensing, IEEE Transactions on},
title={Compact polarimetry based on symmetry properties of geophysical media: the pi;/4 mode},
year={2005},
volume={43},
number={3},
pages={634-646},
keywords={crops;forestry;geophysical signal processing;image classification;radar imaging;radar polarimetry;remote sensing by radar;synthetic aperture radar;vegetation mapping;AIRSAR images;France;Gascony;Jet Propulsion Laboratory;L-band SIRC images;Landes forest;XSAR images;compact polarimetry architecture;crop classification;full polarimetric information;geophysical media;partial polarimetry;radar polarimetry;spaceborne radar;synthetic aperture radar;Geophysical measurements;Image analysis;Image reconstruction;Information analysis;Polarization;Radar imaging;Radar measurements;Radar polarimetry;Synthetic aperture radar;Transmitters},
doi={10.1109/TGRS.2004.842486},
ISSN={0196-2892},}

Investigation of the capability of the Compact Polarimetry mode to Reconstruct Full Polarimetry mode using RADARSAT2 data
Souissi Boularbah, Mounira Ouarzeddine, Aichouche Belhadj-Aissa Vol 1, No 1 (2012) 

@ARTICLE{SOUISSI2012,
author={Boularbah, S. and Ouarzeddine, M. and Belhadj-Aissa, A.},
journal={Advanced Electromagnetics},
title={Investigation of the capability of the Compact Polarimetry mode to Reconstruct Full Polarimetry mode using RADARSAT2 data},
year={2012},
volume={01},
number={01},
pages={19-28},
keywords={ Radar polarimetry, Compact, Scattering, Decomposition},
doi={http://dx.doi.org/10.7716/aem.v1i1.12},
ISSN={2119-0275},}

@ARTICLE{SABRY2013PP,
author={Sabry, R. and Vachon, P. W.},
journal={Geoscience and Remote Sensing, IEEE Transactions on},
title={A Unified Framework for General Compact and Quad Polarimetric SAR Data and Imagery Analysis},
year={2013},
volume={PP},
number={--},
pages={1-21},
keywords={Compactpolarimetry;decomposition;radar polarimetry;radar signature;synthetic aperture radar (SAR)},
doi={10.1109/TGRS.2013.2242479},
ISSN={0196-2892},}

@INPROCEEDINGS{RANEY2012,
author={Raney, R.K. and Cahill, J.T.S. and Patterson, G.W. and Bussey, D.B.J.},
booktitle={Geoscience and Remote Sensing Symposium (IGARSS), 2012 IEEE International},
title={The m-chi decomposition of hybrid dual-polarimetric radar data},
year={2012},
pages={5093-5096},
keywords={geophysical equipment;geophysical techniques;radar polarimetry;remote sensing by radar;synthetic aperture radar;Earth-observing compact-polarimetric radars;Mini-RF instrument;Mini-SAR instrument;Stokes parameters;compact polarimetric space-based imaging radars;hybrid dual-polarimetric radar data;linearly polarized data;m-chi decomposition;m-chi-psi three-component decomposition strategy;orthogonal linear polarizations;quasicircular polarization;randomly polarized constituents;transmitting polarization;Backscatter;Moon;Radar imaging;Radar polarimetry;Spaceborne radar;Synthetic aperture radar},
doi={10.1109/IGARSS.2012.6352465},
ISSN={2153-6996},}