@book{lee2009polarimetric,
  title={Polarimetric Radar Imaging: From Basics to Applications},
  author={Lee, J.S. and Pottier, E.},
  isbn={9781420054989},
  lccn={2008051280},
  series={Optical Science and Engineering},
  url={http://books.google.co.in/books?id=1nAvp2HW\_gwC},
  year={2009},
  publisher={Taylor \& Francis}
}

@article{lee1999unsupervised,
  title={Unsupervised classification using polarimetric decomposition and the complex Wishart classifier},
  author={Lee, Jong-Sen and Grunes, Mitchell R and Ainsworth, Thomas L and Du, Li-Jen and Schuler, Dale L and Cloude, Shane R},
  journal={Geoscience and Remote Sensing, IEEE Transactions on},
  volume={37},
  number={5},
  pages={2249--2258},
  year={1999},
  publisher={IEEE}
}

@article{ferro2001unsupervised,
  title={Unsupervised classification of multifrequency and fully polarimetric SAR images based on the H/A/Alpha-Wishart classifier},
  author={Ferro-Famil, Laurent and Pottier, Eric and Lee, Jong-Sen},
  journal={Geoscience and Remote Sensing, IEEE Transactions on},
  volume={39},
  number={11},
  pages={2332--2342},
  year={2001},
  publisher={IEEE}
}

@article{Lee1994,
author = {Lee, J. S. and Grunes, M. R. and Kwok, R.},
doi = {10.1080/01431169408954244},
file = {:home/shaunak/Downloads/Papers/01431169408954244.pdf:pdf},
isbn = {0143116940},
issn = {0143-1161},
journal = {International Journal of Remote Sensing},
mendeley-groups = {PolSAR},
number = {11},
pages = {2299--2311},
title = {{Classification of multi-look polarimetric SAR imagery based on complex Wishart distribution}},
url = {http://www.tandfonline.com/doi/abs/10.1080/01431169408954244},
volume = {15},
year = {1994}
}


