@ARTICLE{1487628, 
author={Yamaguchi, Y. and Moriyama, T. and Ishido, M. and Yamada, H.}, 
journal={Geoscience and Remote Sensing, IEEE Transactions on}, 
title={Four-component scattering model for polarimetric SAR image decomposition}, 
year={2005}, 
month={Aug}, 
volume={43}, 
number={8}, 
pages={1699-1706}, 
keywords={covariance matrices;geophysical signal processing;probability;radar polarimetry;remote sensing by radar;synthetic aperture radar;asymmetric covariance matrix;cloud;co-pol correlation;cross-pol correlation;dipole scatterers;double bounce scattering;four-component scattering model;helix scattering power;image decomposition;nonreflection symmetric scattering;polarimetric SAR;probability density function;radar polarimetry;reflection symmetry condition;scattering contribution decomposition;surface scattering;symmetric covariance matrix;synthetic aperture radar;three-component decomposition method;urban area scattering;volume scattering;Backscatter;Clouds;Covariance matrix;Image decomposition;Polarimetric synthetic aperture radar;Probability density function;Radar scattering;Reflection;Synthetic aperture radar;Urban areas;Polarimetric synthetic aperture radar (POLSAR);radar polarimetry;scattering contribution decomposition;symmetric and asymmetric covariance matrix}, 
doi={10.1109/TGRS.2005.852084}, 
ISSN={0196-2892},}

@INPROCEEDINGS{6512136, 
author={Xin Zhou and Ju Jiang and Congqing Wang}, 
booktitle={Applied Sciences and Technology (IBCAST), 2013 10th International Bhurban Conference on}, 
title={Maximum likelihood parameter estimation for G0 distribution via EM algorithm}, 
year={2013}, 
month={Jan}, 
pages={89-93}, 
keywords={expectation-maximisation algorithm;EM algorithm;G0 distribution;SAR image data modeling;expectation maximization algorithm;maximum likelihood estimator;maximum likelihood parameter estimation;statistical model;Clutter;Laboratories;Level set;Maximum likelihood estimation;Method of moments}, 
doi={10.1109/IBCAST.2013.6512136},}

