@inproceedings{ng2002discriminative,
  title={On Discriminative vs. Generative Classifiers: A comparison of logistic regression and naive Bayes},
  author={Ng, Andrew Y and Jordan, Michael I},
  booktitle={Advances in Neural Information Processing Systems},
  pages={841--848},
  year={2002}
}

@inproceedings{glorot2010understanding,
  title={Understanding the difficulty of training deep feedforward neural networks},
  author={Glorot, Xavier and Bengio, Yoshua},
  booktitle={International conference on artificial intelligence and statistics},
  pages={249--256},
  year={2010}
}
