@book{lee2009polarimetric,
  title={Polarimetric Radar Imaging: From Basics to Applications},
  author={Lee, J.S. and Pottier, E.},
  isbn={9781420054989},
  lccn={2008051280},
  series={Optical Science and Engineering},
  url={http://books.google.co.in/books?id=1nAvp2HW\_gwC},
  year={2009},
  publisher={Taylor \& Francis}
}




@article{lee1999unsupervised,
  title={Unsupervised classification using polarimetric decomposition and the complex Wishart classifier},
  author={Lee, Jong-Sen and Grunes, Mitchell R and Ainsworth, Thomas L and Du, Li-Jen and Schuler, Dale L and Cloude, Shane R},
  journal={Geoscience and Remote Sensing, IEEE Transactions on},
  volume={37},
  number={5},
  pages={2249--2258},
  year={1999},
  publisher={IEEE}
}

@article{ferro2001unsupervised,
  title={Unsupervised classification of multifrequency and fully polarimetric SAR images based on the H/A/Alpha-Wishart classifier},
  author={Ferro-Famil, Laurent and Pottier, Eric and Lee, Jong-Sen},
  journal={Geoscience and Remote Sensing, IEEE Transactions on},
  volume={39},
  number={11},
  pages={2332--2342},
  year={2001},
  publisher={IEEE}
}

@article{lee2001quantitative,
  title={Quantitative comparison of classification capability: fully polarimetric versus dual and single-polarization SAR},
  author={Lee, Jong-Sen and Grunes, Mitchell R and Pottier, Eric},
  journal={Geoscience and Remote Sensing, IEEE Transactions on},
  volume={39},
  number={11},
  pages={2343--2351},
  year={2001},
  publisher={IEEE}
}


@article{ainsworth2009classification,
  title={Classification comparisons between dual-pol, compact polarimetric and quad-pol SAR imagery},
  author={Ainsworth, TL and Kelly, JP and Lee, J-S},
  journal={ISPRS Journal of Photogrammetry and Remote Sensing},
  volume={64},
  number={5},
  pages={464--471},
  year={2009},
  publisher={Elsevier}
}


@article{Lee1994,
author = {Lee, J. S. and Grunes, M. R. and Kwok, R.},
doi = {10.1080/01431169408954244},
file = {:home/shaunak/Downloads/Papers/01431169408954244.pdf:pdf},
isbn = {0143116940},
issn = {0143-1161},
journal = {International Journal of Remote Sensing},
mendeley-groups = {PolSAR},
number = {11},
pages = {2299--2311},
title = {{Classification of multi-look polarimetric SAR imagery based on complex Wishart distribution}},
url = {http://www.tandfonline.com/doi/abs/10.1080/01431169408954244},
volume = {15},
year = {1994}
}

@article{ouarzeddine2007classification,
  title={Classification of polarimetric SAR images based on scattering mechanisms},
  author={Ouarzeddine, M and Souissi, B and Belhadj-Aissa, A},
  journal={Spatial Data Quality},
  volume={12},
  pages={15},
  year={2007},
  publisher={Citeseer}
}


@article{Lee1994a,
author = {Lee, J S and Grunes, M R and Kwok, R},
doi = {10.1080/01431169408954244},
file = {:home/shaunak/.local/share/data/Mendeley Ltd./Mendeley Desktop/Downloaded/Lee, Grunes, Kwok - 1994 - Classification of multi-look polarimetric {\{}SAR{\}} imagery based on complex {\{}W{\}}ishart distributions.pdf:pdf},
isbn = {0143116940},
journal = {International Journal of Remote Sensing},
mendeley-groups = {PolSAR/Classification},
number = {January 2015},
pages = {2299--2311},
title = {{Classification of multi-look polarimetric {\{}SAR{\}} imagery based on complex {\{}W{\}}ishart distributions}},
volume = {15},
year = {1994}
}


@article{Silva2013,
abstract = {A new classifier for Polarimetric SAR (PolSAR) images is proposed$\backslash$nand assessed in this paper. Its input consists of segments, and each$\backslash$none is assigned the class which minimizes a stochastic distance.$\backslash$nAssuming the complex Wishart model, several stochastic distances$\backslash$nare obtained from the $\backslash$hphi family of divergences, and they are$\backslash$nemployed to derive hypothesis test statistics that are also used$\backslash$nin the classification process. This article also presents, as a novelty,$\backslash$nanalytic expressions for the test statistics based on the following$\backslash$nstochastic distances between complex Wishart models: Kullback-Leibler,$\backslash$nBhattacharyya, Hellinger, R{\'{e}}nyi, and Chi-Square; also, the test statistic$\backslash$nbased on the Bhattacharyya distance between multivariate Gaussian$\backslash$ndistributions is presented. The classifier performance is evaluated$\backslash$nusing simulated and real PolSAR data. The simulated data are based$\backslash$non the complex Wishart model, aiming at the analysis of the proposal$\backslash$nwell controlled data. The real data refer to the complex L-band image,$\backslash$nacquired during the 1994 SIR-C mission. The results of the proposed$\backslash$nclassifier are compared with those obtained by a Wishart per-pixel/contextual$\backslash$nclassifier, and we show the better performance of the region-based$\backslash$nclassification. The influence of the statistical modeling is assessed$\backslash$nby comparing the results using the Bhattacharyya distance between$\backslash$nmultivariate Gaussian distributions for amplitude data. The results$\backslash$nwith simulated data indicate that the proposed classification method$\backslash$nhas a very good performance when the data follow the Wishart model.$\backslash$nThe proposed classifier also performs better than the per-pixel/contextual$\backslash$nclassifier and the Bhattacharyya Gaussian distance using SIR-C PolSAR$\backslash$ndata.},
archivePrefix = {arXiv},
arxivId = {1303.2108},
author = {Silva, W B and Freitas, C C and Sant'Anna, S J S and Frery, a C},
doi = {10.1109/JSTARS.2013.2248132},
eprint = {1303.2108},
file = {:home/shaunak/Downloads/Papers/Silva et al. - 2013 - Classification of Segments in {\{}PolSAR{\}} Imagery by Minimum Stochastic Distances Between {\{}W{\}}ishart Distributions.pdf:pdf},
isbn = {1939-1404 VO - 6},
issn = {19391404},
journal = {IEEE Journal of Selected Topics in Applied Earth Observations and Remote Sensing},
keywords = {Hypothesis Tests,Polarimetry,Region-Based Classification,Stochastic Distances,Wishart distribution},
mendeley-groups = {PolSAR/Classification},
number = {3},
pages = {1263--1273},
title = {{Classification of Segments in {\{}PolSAR{\}} Imagery by Minimum Stochastic Distances Between {\{}W{\}}ishart Distributions}},
volume = {6},
year = {2013}
}


@article{lee1999unsupervised,
  title={Unsupervised classification using polarimetric decomposition and the complex Wishart classifier},
  author={Lee, Jong-Sen and Grunes, Mitchell R and Ainsworth, Thomas L and Du, Li-Jen and Schuler, Dale L and Cloude, Shane R},
  journal={Geoscience and Remote Sensing, IEEE Transactions on},
  volume={37},
  number={5},
  pages={2249--2258},
  year={1999},
  publisher={IEEE}
}



@article{lee1981speckle,
	title={Speckle analysis and smoothing of synthetic aperture radar images},
	author={Lee, Jong-Sen},
	journal={Computer graphics and image processing},
	volume={17},
	number={1},
	pages={24--32},
	year={1981},
	publisher={Elsevier}
}

@INPROCEEDINGS{Turkar2013Classification,
author={Turkar, V. and De, S. and Ponnurangam, G.G. and Deo, R. and Rao, Y.S. and Das, A.},
booktitle={Synthetic Aperture Radar (APSAR), 2013 Asia-Pacific Conference on},
title={Classification of RISAT-1 hybrid polarimetric data for various land features},
year={2013},
pages={494-497},
keywords={learning (artificial intelligence);radar imaging;radar polarimetry;remote sensing by radar;support vector machines;synthetic aperture radar;terrain mapping;India;Mumbai;RADARSAT-2 simulated hybrid polarimetric data;RISAT-1 hybrid polarimetric data classification;SPAN;Wishart supervised classifier;backscattering coefficients;circular polarization ratio;classification accuracy;land features;linear dual polarization;m-chi decomposition;m-delta decomposition;standard deviation;support vector machine classifier;Accuracy;Azimuth;Backscatter;Standards;Support vector machines;Synthetic aperture radar;Training},
month={Sept},}


@article{ainsworth2009classification,
  title={Classification comparisons between dual-pol, compact polarimetric and quad-pol SAR imagery},
  author={Ainsworth, TL and Kelly, JP and Lee, J-S},
  journal={ISPRS Journal of Photogrammetry and Remote Sensing},
  volume={64},
  number={5},
  pages={464--471},
  year={2009},
  publisher={Elsevier}
}

@article{antropov2011volume,
  title={Volume scattering modeling in PolSAR decompositions: Study of ALOS PALSAR data over boreal forest},
  author={Antropov, Oleg and Rauste, Yrjo and Hame, Tuomas},
  journal={Geoscience and Remote Sensing, IEEE Transactions on},
  volume={49},
  number={10},
  pages={3838--3848},
  year={2011},
  publisher={IEEE}
}


@inproceedings{de2015urban,
  title={Urban classification using PolSAR data and deep learning},
  author={De, Shaunak and Bhattacharya, Avik},
  booktitle={Geoscience and Remote Sensing Symposium (IGARSS), 2015 IEEE International},
  pages={353--356},
  year={2015},
  organization={IEEE}
}


@article{barakat1981bilinear,
  title={Bilinear constraints between elements of the 4 x 4 Mueller-Jones transfer matrix of polarization theory},
  author={Barakat, Richard},
  journal={Optics Communications},
  volume={38},
  number={3},
  pages={159--161},
  year={1981},
  publisher={Elsevier}
}


@article{lee1994speckle,
  title={Speckle filtering of synthetic aperture radar images: A review},
  author={Lee, Jong-Sen and Jurkevich, L and Dewaele, P and Wambacq, Pl and Oosterlinck, A},
  journal={Remote Sensing Reviews},
  volume={8},
  number={4},
  pages={313--340},
  year={1994},
  publisher={Taylor \& Francis}
}



@article{lee1981refined,
  title={Refined filtering of image noise using local statistics},
  author={Lee, Jong-Sen},
  journal={Computer graphics and image processing},
  volume={15},
  number={4},
  pages={380--389},
  year={1981},
  publisher={Elsevier}
}



@article{bhattacharya2015adaptive,
	title={An Adaptive General Four-Component Scattering Power Decomposition With Unitary Transformation of Coherency Matrix (AG4U)},
	author={Bhattacharya, Avik and Singh, Gulab and Manickam, Surendar and Yamaguchi, Yoshio},
	year={2015},
	publisher={IEEE}
}

@article{cloude1997entropy,
  title={An entropy based classification scheme for land applications of polarimetric SAR},
  author={Cloude, Shane Robert and Pottier, Eric},
  journal={Geoscience and Remote Sensing, IEEE Transactions on},
  volume={35},
  number={1},
  pages={68--78},
  year={1997},
  publisher={IEEE}
}


@article{tragl1990polarimetric,
  title={Polarimetric radar backscattering from reciprocal random targets},
  author={Tragl, Karm},
  journal={Geoscience and Remote Sensing, IEEE Transactions on},
  volume={28},
  number={5},
  pages={856--864},
  year={1990},
  publisher={IEEE}
}

@ARTICLE{Yamaguchi2011,
	author={Yamaguchi, Y. and Sato, A. and Boerner, W.-M. and Sato, R. and Yamada, H.},
	journal={Geoscience and Remote Sensing, IEEE Transactions on},
	title={Four-Component Scattering Power Decomposition With Rotation of Coherency Matrix},
	year={2011},
	volume={49},
	number={6},
	pages={2251-2258},
	keywords={geophysical image processing;radar polarimetry;synthetic aperture radar;vegetation mapping;coherency matrix rotation;four-component decomposition yield;four-component scattering power decomposition;fully polarimetric SAR image;oriented urban area;polarimetric response analysis;polarimetric synthetic aperture radar image classification;vegetation signature;volume scattering mechanism;Lighting;Matrix decomposition;Radar imaging;Scattering;Urban areas;Vegetation mapping;Coherency matrix rotation;deorientation;polarimetric synthetic aperture radar (POLSAR);radar polarimetry;scattering power decomposition},
	doi={10.1109/TGRS.2010.2099124},
	ISSN={0196-2892},
	month={June},}


@ARTICLE{Bhattacharya2015a,
	author={Bhattacharya, A. and Singh, G. and Manickam, S. and Yamaguchi, Y.},
	journal={Geoscience and Remote Sensing Letters, IEEE},
	title={An Adaptive General Four-Component Scattering Power Decomposition With Unitary Transformation of Coherency Matrix (AG4U)},
	year={2015},
	volume={12},
	number={10},
	pages={2110-2114},
	keywords={S-matrix theory;faulting;geophysical signal processing;radar polarimetry;radar signal processing;synthetic aperture radar;AG4U;California;Hayward Fault;Radarsat-2 full-polarimetic C-band data;San Francisco;UAVSAR;Uninhabited Aerial Vehicle Synthetic Aperture Radar;adaptive general four-component scattering power decomposition;adaptive nature;complex special unitary transformation matrices;extended volume scattering model;full-polarimetric L-band data;polarization;radar line of sight;real unitary rotated coherency matrix;L-band;Matrix decomposition;Remote sensing;Scattering;Solid modeling;Synthetic aperture radar;Decomposition;polarimetry;synthetic aperture radar (SAR);unitary transformation},
	doi={10.1109/LGRS.2015.2451369},
	ISSN={1545-598X},
	month={Oct},}



@ARTICLE{Bhattacharya2015,
	author={Bhattacharya, A. and Muhuri, A. and De, S. and Manickam, S. and Frery, A.C.},
	journal={Selected Topics in Applied Earth Observations and Remote Sensing, IEEE Journal of},
	title={Modifying the Yamaguchi Four-Component Decomposition Scattering Powers Using a Stochastic Distance},
	year={2015},
	volume={8},
	number={7},
	pages={3497-3506},
	keywords={electromagnetic wave polarisation;electromagnetic wave scattering;matrix algebra;radar polarimetry;radar tracking;statistical analysis;synthetic aperture radar;target tracking;Hellinger distance;Radarsat-2 C-band San-Francisco dataset;UAVSAR L-band Hayward dataset;Y4O scattering powers;Yamaguchi four-component decomposition scattering powers;coherency matrix;double-bounce powers;full polarimetric data;full-polarimetric SAR image;helix parameter;model-based decompositions;polarization orientation angle;reflectionsymmetric;scattering model;second-order statistics;statistical information theory;stochastic distance;Covariance matrices;Estimation;Matrix decomposition;Scattering;Solid modeling;Stochastic processes;Synthetic aperture radar;Polarization orientation angle;radar polarimetry;stochastic distance;synthetic aperture radar (SAR)},
	doi={10.1109/JSTARS.2015.2420683},
	ISSN={1939-1404},
	month={July},}



@ARTICLE{SilvaWishart13,
author={Silva, W.B. and Freitas, C.C. and Sant'Anna, S.J.S. and Frery, A.C.},
journal={Selected Topics in Applied Earth Observations and Remote Sensing, IEEE Journal of},
title={Classification of Segments in PolSAR Imagery by Minimum Stochastic Distances Between Wishart Distributions},
year={2013},
volume={6},
number={3},
pages={1263-1273},
abstract={A new classifier for Polarimetric SAR (PolSAR) images is proposed and assessed in this paper. Its input consists of segments, and each one is assigned the class which minimizes a stochastic distance. Assuming the complex Wishart model, several stochastic distances are obtained from the h - φ family of divergences, and they are employed to derive hypothesis test statistics that are also used in the classification process. This article also presents, as a novelty, analytic expressions for the test statistics based on the following stochastic distances between complex Wishart models: Kullback-Leibler, Bhattacharyya, Hellinger, Rényi, and Chi-Square; also, the test statistic based on the Bhattacharyya distance between multivariate Gaussian distributions is presented. The classifier performance is evaluated using simulated and real PolSAR data. The simulated data are based on the complex Wishart model, aiming at the analysis of the proposal with controlled data. The real data refer to a complex L-band image, acquired during the 1994 SIR-C mission. The results of the proposed classifier are compared with those obtained by a Wishart per-pixel/contextual classifier, and we show the better performance of the region-based classification. The influence of the statistical modeling is assessed by comparing the results using the Bhattacharyya distance between multivariate Gaussian distributions for amplitude data. The results with simulated data indicate that the proposed classification method has very good performance when the data follow the Wishart model. The proposed classifier also performs better than the per-pixel/contextual classifier and the Bhattacharyya Gaussian distance using SIR-C PolSAR data.},
keywords={Gaussian distribution;image classification;image segmentation;radar imaging;radar polarimetry;statistical testing;Bhattacharyya Gaussian distance;PolSAR data;PolSAR image classification;PolSAR image segmentation;SIR-C mission;Wishart distributions;Wishart per-pixel-contextual classifier;amplitude data;complex L-band image;complex Wishart model;hypothesis test statistics;minimum stochastic distances;multivariate Gaussian distributions;polarimetric synthetic aperture radar image classification;polarimetric synthetic aperture radar image segmentation;region-based classification;Covariance matrix;Data models;Gaussian distribution;Image segmentation;Maximum likelihood estimation;Stochastic processes;Training;Hypothesis tests;Wishart distribution;polarimetry;region-based classification;stochastic distances},
doi={10.1109/JSTARS.2013.2248132},
ISSN={1939-1404},
month={June},}


@article{Boerner1997,
abstract = {One of the great challenges for modern radar is to classify, sort$\backslash$nand identify targets of all kinds for military battlespace surveillance$\backslash$nas well as for civilian geo-environmental stress change monitoring$\backslash$npurposes. Whereas, in military radar utilization of complete$\backslash$npolarization scattering matrix radars is not yet fully accepted, in$\backslash$nremote sensing on the other hand, radar polarimetry seems to have been$\backslash$naccepted as an indispensable tool, and convincing results have been$\backslash$nobtained for geo-environmental applications in agriculture, forestry,$\backslash$nhydrology, flood plain and rural infrastructure maintenance, volcanology$\backslash$nand seismology, archeology, etc. However, there still exists a large$\backslash$nvoid in standardization and proper handling of basic and applied$\backslash$npolarimetric theory and concepts. In this paper a succinct assessment of$\backslash$nthe current state-of-the-art is presented summarizing the basic$\backslash$npolarimetry concepts spelled out in Boerner et al. (1997). It is the$\backslash$npurpose of this paper to draw attention of the IEEE Geoscience and$\backslash$nRemote Sensing community to this recent compendium on `Polarimetry in$\backslash$nRemote Sensing'},
author = {Boerner, W M and Mott, H. and Luneburg, E.},
doi = {10.1109/IGARSS.1997.606459},
file = {:home/shaunak/Downloads/Papers/Boerner, Mott, Luneburg - 1997 - Polarimetry in remote sensing basic and applied concepts.pdf:pdf},
isbn = {0-7803-3836-7},
journal = {IGARSS'97. 1997 IEEE International Geoscience and Remote Sensing Symposium Proceedings. Remote Sensing - A Scientific Vision for Sustainable Development},
pages = {1401--1403},
title = {{Polarimetry in remote sensing: basic and applied concepts}},
volume = {3},
year = {1997}
}

@article{cox1978ellipsometry,
  title={Ellipsometry and Polarized Light},
  author={Cox, LJ},
  journal={Journal of Modern Optics},
  volume={25},
  number={3},
  pages={270--271},
  year={1978},
  publisher={Taylor \& Francis}
}


@article{Boerner1981,
author = {Boerner, W M},
doi = {10.1029/RS016i006p01037},
file = {:home/shaunak/Downloads/Papers/Boerner - 1981 - Use of Polarization in Electromagnetic Inverse Scattering.pdf:pdf},
journal = {Radio Science},
number = {6},
pages = {1037--1045},
title = {{Use of Polarization in Electromagnetic Inverse Scattering}},
volume = {16},
year = {1981}
}

@article{yamaguchi2011four,
  title={Four-component scattering power decomposition with rotation of coherency matrix},
  author={Yamaguchi, Yoshio and Sato, Akinobu and Boerner, W-M and Sato, Ryoichi and Yamada, Hiroyoshi},
  journal={Geoscience and Remote Sensing, IEEE Transactions on},
  volume={49},
  number={6},
  pages={2251--2258},
  year={2011},
  publisher={IEEE}
}

@inproceedings{gagnon1997speckle,
  title={Speckle filtering of SAR images: a comparative study between complex-wavelet-based and standard filters},
  author={Gagnon, Langis and Jouan, Alexandre},
  booktitle={Optical Science, Engineering and Instrumentation'97},
  pages={80--91},
  year={1997},
  organization={International Society for Optics and Photonics}
}

@inproceedings{rosen2006uavsar,
  title={UAVSAR: a new NASA airborne SAR system for science and technology research},
  author={Rosen, Paul A and Hensley, Scott and Wheeler, Kevin and Sadowy, Greg and Miller, Tim and Shaffer, Scott and Muellerschoen, Ron and Jones, Cathleen and Zebker, Howard and Madsen, Soren},
  booktitle={Radar, 2006 IEEE Conference on},
  pages={8--pp},
  year={2006},
  organization={IEEE}
}

@inproceedings{jezek1998radarsat,
  title={The RADARSAT Antarctic mapping project},
  author={Jezek, Kenneth C and Sohn, HG and Noltimier, KF},
  booktitle={Geoscience and Remote Sensing Symposium Proceedings, 1998. IGARSS'98. 1998 IEEE International},
  volume={5},
  pages={2462--2464},
  year={1998},
  organization={IEEE}
}

@inproceedings{akbari2010non,
  title={Non-Gaussian clustering of SAR images for glacier change detection},
  author={Akbari, Vahid and Eltoft, T and Doulgeris, AP},
  booktitle={Proc. ESA Living Planet Symp},
  pages={1--8},
  year={2010}
}


@ARTICLE{lee11_5491157, 
author={Jong-Sen Lee and Ainsworth, T.L.}, 
journal={Geoscience and Remote Sensing, IEEE Transactions on}, 
title={The Effect of Orientation Angle Compensation on Coherency Matrix and Polarimetric Target Decompositions}, 
year={2011}, 
month={Jan}, 
volume={49}, 
number={1}, 
pages={53-64}, 
keywords={electromagnetic wave reflection;electromagnetic wave scattering;radar polarimetry;radar signal processing;target tracking;coherency matrix;double bounce power;orientation angle compensation;polarimetric radar signature;polarimetric target decomposition;polarization orientation angle;reflection symmetry;scattering media affect;surface scattering power;volume scattering power;Anisotropic magnetoresistance;Azimuth;Entropy;Frequency;Information analysis;Matrix decomposition;Polarization;Radar polarimetry;Radar scattering;Reflection;Polarimetric synthetic aperture radar (PolSAR);radar polarimetry;target decomposition}, 
doi={10.1109/TGRS.2010.2048333}, 
ISSN={0196-2892},}

@INPROCEEDINGS{de2014compactpolclassification, 
author={De, Shaunak and Kumar, Vineet and Rao, Y.S.}, 
booktitle={EUSAR 2014; 10th European Conference on Synthetic Aperture Radar; Proceedings of}, 
title={Crop Classification using RISAT-1 Hybrid Polarimetric SAR Data}, 
year={2014}, 
month={June}, 
pages={1-4},}

@article{kong1988identification,
  title={Identification of terrain cover using the optimum polarimetric classifier},
  author={Kong, JA and Swartz, AA and Yueh, HA and Novak, LM and Shin, RT},
  journal={Journal of Electromagnetic Waves and Applications},
  volume={2},
  number={2},
  pages={171--194},
  year={1988},
  publisher={Taylor \& Francis}
}
@inproceedings{pottier1991radar,
  title={On radar polarization target decomposition theorems with application to target classification, by using neural network method},
  author={Pottier, E and Saillard, J},
  booktitle={Antennas and Propagation, 1991. ICAP 91., Seventh International Conference on (IEE)},
  pages={265--268},
  year={1991},
  organization={IET}
}

@article{rignot1992segmentation,
  title={Segmentation of polarimetric synthetic aperture radar data},
  author={Rignot, Eric and Chellappa, Rama},
  journal={Image Processing, IEEE Transactions on},
  volume={1},
  number={3},
  pages={281--300},
  year={1992},
  publisher={IEEE}
}

@article{freeman1998three,
  title={A three-component scattering model for polarimetric SAR data},
  author={Freeman, Anthony and Durden, Stephen L},
  journal={Geoscience and Remote Sensing, IEEE Transactions on},
  volume={36},
  number={3},
  pages={963--973},
  year={1998},
  publisher={IEEE}
}

@ARTICLE{lee2004classification,
author={Jong-Sen Lee and Grunes, M.R. and Pottier, E. and Ferro-Famil, L.},
journal={Geoscience and Remote Sensing, IEEE Transactions on},
title={Unsupervised terrain classification preserving polarimetric scattering characteristics},
year={2004},
month={April},
volume={42},
number={4},
pages={722-731},
abstract={In this paper, we proposed an unsupervised terrain and land-use classification algorithm using polarimetric synthetic aperture radar data. Unlike other algorithms that classify pixels statistically and ignore their scattering characteristics, this algorithm not only uses a statistical classifier, but also preserves the purity of dominant polarimetric scattering properties. This algorithm uses a combination of a scattering model-based decomposition developed by Freeman and Durden and the maximum-likelihood classifier based on the complex Wishart distribution. The first step is to apply the Freeman and Durden decomposition to divide pixels into three scattering categories: surface scattering, volume scattering, and double-bounce scattering. To preserve the purity of scattering characteristics, pixels in a scattering category are restricted to be classified with other pixels in the same scattering category. An efficient and effective class initialization scheme is also devised to initially merge clusters from many small clusters in each scattering category by applying a merge criterion developed based on the Wishart distance measure. Then, the iterative Wishart classifier is applied. The stability in convergence is much superior to that of the previous algorithm using the entropy/anisotropy/Wishart classifier. Finally, an automated color rendering scheme is proposed, based on the classes' scattering category to code the pixels to resemble their natural color. This algorithm is also flexible and computationally efficient. The effectiveness of this algorithm is demonstrated using the Jet Propulsion Laboratory's AIRSAR and the German Aerospace Center's (DLR) E-SAR L-band polarimetric synthetic aperture radar images.},
keywords={backscatter;geophysical signal processing;image classification;image colour analysis;maximum likelihood estimation;pattern clustering;radar polarimetry;remote sensing by radar;rendering (computer graphics);synthetic aperture radar;terrain mapping;AIRSAR;DLR E-SAR L-band;Durden decomposition;Freeman decomposition;German Aerospace Center;Jet Propulsion Laboratory;Wishart distance measure;Wishart distribution;automated color rendering;class initialization scheme;cluster merging;convergence stability;double-bounce scattering;entropy/anisotropy/Wishart classifier;iterative Wishart classifier;land-use classification algorithm;maximum-likelihood classifier;merge criterion;polarimetric scattering characteristics preservation;polarimetric scattering properties;scattering model-based decomposition;statistical classifier;statistical pixel classification;surface scattering;synthetic aperture radar;unsupervised terrain classification;volume scattering;Anisotropic magnetoresistance;Classification algorithms;Clustering algorithms;Convergence;Entropy;Iterative algorithms;Polarimetric synthetic aperture radar;Propulsion;Radar scattering;Stability},
doi={10.1109/TGRS.2003.819883},
ISSN={0196-2892},}


@ARTICLE{964969, 
author={Ferro-Famil, L. and Pottier, E. and Jong-Sen Lee}, 
journal={Geoscience and Remote Sensing, IEEE Transactions on}, 
title={Unsupervised classification of multifrequency and fully polarimetric SAR images based on the H/A/Alpha-Wishart classifier}, 
year={2001}, 
month={Nov}, 
volume={39}, 
number={11}, 
pages={2332-2342}, 
abstract={Introduces a new classification scheme for dual frequency polarimetric SAR data sets. A (6×6) polarimetric coherency matrix is defined to simultaneously take into account the full polarimetric information from both images. This matrix is composed of the two coherency matrices and their cross-correlation. A decomposition theorem is applied to both images to obtain 64 initial clusters based on their scattering characteristics. The data sets are then classified by an iterative algorithm based on a complex Wishart density function of the 6×6 matrix. A class number reduction technique is then applied on the 64 resulting clusters to improve the efficiency of the interpretation and representation of each class. An alternative technique is also proposed which introduces the polarimetric cross-correlation information to refine the results of classification to a small number of clusters using the conditional probability of the cross-correlation matrix. These classification schemes are applied to full polarimetric P, L, and C-band SAR images of the Nezer Forest, France, acquired by the NASA/JPL AIRSAR sensor in 1989}, 
keywords={image classification;radar polarimetry;synthetic aperture radar;terrain mapping;AIRSAR sensor;C-band SAR images;France;H/A/Alpha-Wishart classifier;L-band SAR;Nezer Forest;P-band SAR images;classification scheme;coherency matrices;complex Wishart density function;conditional probability;cross-correlation matrix;decomposition theorem;dual frequency polarimetric SAR data sets;multifrequency SAR images;multivariate statistics;polarimetric SAR images;polarimetric coherency matrix;polarimetric cross-correlation information;radar polarimetry;scattering characteristics;synthetic aperture radar;terrain classification;unsupervised classification;Density functional theory;Frequency;Image sensors;Iterative algorithms;Matrix decomposition;NASA;Probability;Radar scattering;Remote sensing;Statistics}, 
doi={10.1109/36.964969}, 
ISSN={0196-2892},}




@article{lee1994classification,
  title={Classification of multi-look polarimetric SAR imagery based on complex Wishart distribution},
  author={Lee, Jong-Sen and Grunes, Mitchell R and Kwok, R},
  journal={International Journal of Remote Sensing},
  volume={15},
  number={11},
  pages={2299--2311},
  year={1994},
  publisher={Taylor \& Francis}
}

@ARTICLE{yamaguchi2011_y4r, 
author={Yamaguchi, Y. and Sato, A. and Boerner, W.-M. and Sato, R. and Yamada, H.}, 
journal={Geoscience and Remote Sensing, IEEE Transactions on}, 
title={Four-Component Scattering Power Decomposition With Rotation of Coherency Matrix}, 
year={2011}, 
month={June}, 
volume={49}, 
number={6}, 
pages={2251-2258}, 
keywords={geophysical image processing;radar polarimetry;synthetic aperture radar;vegetation mapping;coherency matrix rotation;four-component decomposition yield;four-component scattering power decomposition;fully polarimetric SAR image;oriented urban area;polarimetric response analysis;polarimetric synthetic aperture radar image classification;vegetation signature;volume scattering mechanism;Lighting;Matrix decomposition;Radar imaging;Scattering;Urban areas;Vegetation mapping;Coherency matrix rotation;deorientation;polarimetric synthetic aperture radar (POLSAR);radar polarimetry;scattering power decomposition}, 
doi={10.1109/TGRS.2010.2099124}, 
ISSN={0196-2892},}

@inproceedings{turkar2013,
  title={Classification of polarimetric SAR data using Yamaguchi’s polarization orientation
  compensation (POC) with decision tree classifier for urban area},
  author={Turkar, V and Rao, YS},
  booktitle={Environmental Health 2013
  Science and Policy to Protect Future Generations },
  pages={P3.61},
  year={2013},
  organization={Elsevier}
}
@ARTICLE{Yamaguchi2005_y40, 
author={Yamaguchi, Y. and Moriyama, T. and Ishido, M. and Yamada, H.}, 
journal={Geoscience and Remote Sensing, IEEE Transactions on}, 
title={Four-component scattering model for polarimetric SAR image decomposition}, 
year={2005}, 
month={Aug}, 
volume={43}, 
number={8}, 
pages={1699-1706}, 
keywords={covariance matrices;geophysical signal processing;probability;radar polarimetry;remote sensing by radar;synthetic aperture radar;asymmetric covariance matrix;cloud;co-pol correlation;cross-pol correlation;dipole scatterers;double bounce scattering;four-component scattering model;helix scattering power;image decomposition;nonreflection symmetric scattering;polarimetric SAR;probability density function;radar polarimetry;reflection symmetry condition;scattering contribution decomposition;surface scattering;symmetric covariance matrix;synthetic aperture radar;three-component decomposition method;urban area scattering;volume scattering;Backscatter;Clouds;Covariance matrix;Image decomposition;Polarimetric synthetic aperture radar;Probability density function;Radar scattering;Reflection;Synthetic aperture radar;Urban areas;Polarimetric synthetic aperture radar (POLSAR);radar polarimetry;scattering contribution decomposition;symmetric and asymmetric covariance matrix}, 
doi={10.1109/TGRS.2005.852084}, 
ISSN={0196-2892},}



@ARTICLE{Frery1997_g0dist, 
author={Frery, A.C. and Muller, H.-J. and Yanasse, C.C.F. and Sant'Anna, S.J.S.}, 
journal={Geoscience and Remote Sensing, IEEE Transactions on}, 
title={A model for extremely heterogeneous clutter}, 
year={1997}, 
month={May}, 
volume={35}, 
number={3}, 
pages={648-659}, 
keywords={backscatter;electromagnetic wave scattering;geophysical techniques;radar clutter;radar cross-sections;radar imaging;radar theory;remote sensing by radar;G distribution;amplitude data;extremely heterogeneous clutter;geophysical measurement technique;land surface;model;multilook intensity;multiplicative model;radar clutter;radar remote sensing;speckle;terrain mapping;urban area;Backscatter;Clutter;Filters;Gaussian distribution;Helium;Image analysis;Image processing;Noise reduction;Speckle;Urban areas}, 
doi={10.1109/36.581981}, 
ISSN={0196-2892},}

@article{ince2010unsupervised,
  title={Unsupervised classification of polarimetric SAR image with dynamic clustering: An image processing approach},
  author={Ince, Turker},
  journal={Advances in Engineering Software},
  volume={41},
  number={4},
  pages={636--646},
  year={2010},
  publisher={Elsevier}
}

@article{wyner1989some,
  title={Some asymptotic properties of the entropy of a stationary ergodic data source with applications to data compression},
  author={Wyner, Aaron D and Ziv, Jacob},
  journal={IEEE Transactions on Information Theory},
  volume={35},
  number={6},
  pages={1250--1258},
  year={1989},
  publisher={Institute of Electrical and Electronics Engineers}
}


@inproceedings{simpson2004terrasar,
  title={TerraSAR-L system},
  author={Simpson, David M and Burbidge, Geoff TA and Thornbury, Alan and Ghinelli, Barbara},
  booktitle={Remote Sensing},
  pages={17--26},
  year={2004},
  organization={International Society for Optics and Photonics}
}

@book{cloude2009polarisation,
  title={Polarisation: applications in remote sensing},
  author={Cloude, Shane},
  year={2009},
  publisher={Oxford University Press}
}


@ARTICLE{Lee2001multipolclass,
author={Jong-Sen Lee and Grunes, M.R. and Pottier, E.},
journal={Geoscience and Remote Sensing, IEEE Transactions on},
title={Quantitative comparison of classification capability: fully polarimetric versus dual and single-polarization SAR},
year={2001},
month={Nov},
volume={39},
number={11},
pages={2343-2351},
abstract={Addresses the land-use classification capabilities of fully polarimetric synthetic aperture radar (SAR) versus dual-polarization and single-polarization SAR for P-, L-, and C-band frequencies. A variety of polarization combinations are investigated for application to crop and tree age classification. Based on the complex Wishart distribution for the covariance matrix, maximum likelihood classifiers for all polarization combinations are used to assess quantitative classification accuracy. Thus, this allows optimally selecting the frequency and the combination of polarizations for various applications},
keywords={agriculture;radar polarimetry;remote sensing by radar;synthetic aperture radar;terrain mapping;vegetation mapping;C-band frequencies;L-band frequencies;P-band frequencies;complex Wishart distribution;covariance matrix;crop classification;dual-polarization SAR;fully polarimetric synthetic aperture radar;land-use classification capabilities;maximum likelihood classifiers;polarization combinations;radar polarimetry;single-polarization SAR;terrain classification;tree age classification;Classification tree analysis;Covariance matrix;Crops;Frequency;L-band;Polarimetric synthetic aperture radar;Polarization;Radar scattering;Spaceborne radar;Synthetic aperture radar},
doi={10.1109/36.964970},
ISSN={0196-2892},}