@article{jonessome,
  title={Some First Results from the UAVSAR Instrument},
  author={Jones, Cathleen and Hensley, Scott and Wheeler, Kevin and Sadowy, Greg and Shaffer, Scott and Zebker, Howard and Miller, Tim and Heavey, Brandon and Chuang, Ernie and Chao, Roger and others}
}

@inproceedings{hudnut2013san,
	title={The San Andreas Fault ‘Supersite’},
	author={Hudnut, Ken},
	booktitle={AGU Fall Meeting Abstracts},
	volume={1},
	pages={1613},
	year={2013}
}

@article{riel2010radiometric,
	title={Radiometric calibration of high resolution UAVSAR data over hilly, forested terrain},
	author={Riel, Bryan Valmote},
	year={2010}
}

@INPROCEEDINGS{Hensley2008,
author={Hensley, S. and Wheeler, K. and Sadowy, G. and Jones, C. and Shaffer, S. and Zebker, H. and Miller, T. and Heavey, B. and Chuang, E. and Chao, R. and Vines, K. and Nishimoto, K. and Prater, J. and Carrico, B. and Chamberlain, N. and Shimada, J. and Simard, M. and Chapman, B. and Muellerschoen, R. and Le, C. and Michel, T. and Hamilton, G. and Robison, D. and Neumann, G. and Meyer, R. and Smith, P. and Granger, J. and Rosen, P. and Flower, D. and Smith, R.},
booktitle={Radar Conference, 2008. RADAR '08. IEEE},
title={The UAVSAR instrument: Description and first results},
year={2008},
pages={1-6},
keywords={radar antennas;radar interferometry;remotely operated vehicles;space research;space vehicles;synthetic aperture radar;ESTO Instrument Incubator Program;INU measurement data;Ka-band single-pass radar interferometer;L-band actively electronically scanned antenna;NASA Dryden Flight Research Center;NASA Gulfstream III aircraft;UAVSAR L-band radar;UAVSAR instrument;actively scanned antenna;external unpressurized pod;high precision topographic maps;ice sheets;precision autopilot capability;radar instrument;radar pod;repeat pass radar interferometry;Airborne radar;Aircraft;Antenna measurements;Data engineering;Instruments;L-band;NASA;Radar antennas;Radar imaging;Solids},
doi={10.1109/RADAR.2008.4720722},
ISSN={1097-5659},
month={May},}


