@article{yeh2001measurement,
  title={Measurement and monitoring of urban sprawl in a rapidly growing region using entropy},
  author={Yeh, Anthony Gar-On and Xia, Li},
  journal={Photogrammetric engineering and remote sensing},
  volume={67},
  number={1},
  pages={83--90},
  year={2001},
  publisher={American Society for Photogrammetry and Remote Sensing}
}
