@book{hirose2006complex,
  title={Complex-valued neural networks},
  author={Hirose, Akira},
  year={2006},
  publisher={Springer Science \& Business Media}
}

@book{goodfellow2016deep,
  title={Deep learning},
  author={Goodfellow, Ian and Bengio, Yoshua and Courville, Aaron and Bengio, Yoshua},
  volume={1},
  year={2016},
  publisher={MIT press Cambridge}
}

@article{pellizzeri2003multitemporal,
  title={Multitemporal/multiband SAR classification of urban areas using spatial analysis: Statistical versus neural kernel-based approach},
  author={Pellizzeri, Tiziana Macr{\`\i} and Gamba, Paolo and Lombardo, Pierfrancesco and Dell'Acqua, Fabio},
  journal={IEEE Transactions on Geoscience and Remote Sensing},
  volume={41},
  number={10},
  pages={2338--2353},
  year={2003},
  publisher={IEEE}
}

@article{yamaguchi2011four,
  title={Four-component scattering power decomposition with rotation of coherency matrix},
  author={Yamaguchi, Yoshio and Sato, Akinobu and Boerner, Wolfgang-Martin and Sato, Ryoichi and Yamada, Hiroyoshi},
  journal={IEEE Transactions on Geoscience and Remote Sensing},
  volume={49},
  number={6},
  pages={2251--2258},
  year={2011},
  publisher={IEEE}
}

@article{smolensky1990tensor,
  title={Tensor product variable binding and the representation of symbolic structures in connectionist systems},
  author={Smolensky, Paul},
  journal={Artificial intelligence},
  volume={46},
  number={1-2},
  pages={159--216},
  year={1990},
  publisher={Elsevier}
}

@article{rott1987possibilities,
  title={Possibilities and limits of synthetic aperture radar for snow and glacier surveying},
  author={Rott, Helmut and M{\"a}tzler, C},
  journal={Annals of Glaciology},
  volume={9},
  pages={195--199},
  year={1987},
  publisher={Cambridge University Press}
}

@book{cloude2010polarisation,
  title={Polarisation: applications in remote sensing},
  author={Cloude, Shane},
  year={2010},
  publisher={Oxford University Press}
}

@article{cloude1997entropy,
  title={An entropy based classification scheme for land applications of polarimetric SAR},
  author={Cloude, Shane R and Pottier, Eric},
  journal={IEEE transactions on geoscience and remote sensing},
  volume={35},
  number={1},
  pages={68--78},
  year={1997},
  publisher={IEEE}
}